3000 4917
471 385 647 451 4914
1392 396 1399 401 ·
1443 369 1695 437 mn‘nx

473 558 582 608 eos,
602 558 656 607 p.
677 543 790 590 184.
813 551 942 604 quos
969 533 1133 585 libros
1163 530 1362 585 dicarit
1392 530 1653 582 Antiocho
1682 528 1761 590 τῷ·
1779 527 1908 589 Θεῷ,
1933 528 2021 591 qui
2053 527 2229 576 Soteri
2249 527 2530 584 successit,
2548 531 2689 577 teste

472 624 658 674 eodem
681 619 927 672 Eusebio.
976 621 992 646 ⁸
1013 614 1310 678 Astrologis
1333 612 1544 672 enituit,
1566 618 1726 675 utque
1749 608 1817 659 ob
1838 609 2039 659 divinas
2064 609 2440 673 predictiones
2465 609 2689 658 Atheni4

474 719 626 754 enses
649 703 698 752 ei
723 700 927 764 publice
950 697 1003 746 in
1024 695 1291 760 gymnasio
1313 700 1538 743 statuam
1559 692 1791 740 inaurata
1813 691 1990 753 lingua
2007 689 2277 747 statuere,’
2292 690 2466 754 inquit
2484 689 2690 739 Plinius

476 798 601 834 vu..
618 787 700 833 37.
780 781 796 808 ‘
820 781 1067 837 Berosus,
1102 775 1193 841 qui
1235 774 1420 824 Belum
1463 772 1842 836 interpretatus
1883 768 2005 832 est,'·
2041 769 2230 834 inquit
2241 771 2451 820 Seneca
2493 771 2704 834 Natat.-

477 865 679 917 Qnssst.
700 875 787 912 ιιι.
805 864 889 911 29.
916 874 970 922 p.
989 861 1105 906 876.

541 944 674 993 Bion
695 939 924 996 Solensis,
948 955 980 988 a
1004 936 1137 987 Solis
1167 932 1367 986 Ciliciae
1389 931 1605 995 oppido,
1625 930 1789 980 natali
1812 930 1939 991 solo,
1964 943 2153 980 nomen
2175 930 2355 981 habet.
2418 931 2696 981 Laudatur

480 1035 519 1075 a
527 1023 726 1074 Plinio·
715 1037 765 1070 m
781 1019 964 1070 Indice
980 1016 1074 1067 lib.
1088 1031 1145 1067 v.
1161 1023 1215 1065 et
1232 1027 1358 1065 vm.
1414 1011 1705 1074 AEthiopica
1722 1010 2049 1074 conscripsit,
2062 1017 2208 1060 erest
2227 1011 2438 1075 quintus
2457 1012 2694 1076 ejusdem

479 1103 700 1155 nominis
734 1101 872 1166 apud
906 1097 1170 1163 Laertinm
1194 1096 1247 1144 in
1279 1096 1444 1145 Bione
1465 1093 1656 1143 lib..1v.
1683 1107 1738 1155 p.
1762 1095 1879 1143 111.
1943 1091 2267 1141 Historicurn
2305 1099 2462 1143 vocat
2483 1092 2696 1141 Plutar-

479 1185 604 1237 chus
636 1185 689 1233 in
719 1183 940 1242 Theseo,
964 1194 1016 1243 p.
1038 1182 1122 1231 12.
1189 1175 1449 1226 Fortassis
1482 1173 1551 1222 ab
1586 1187 1651 1223 eo
1681 1173 1919 1222 diversus
1949 1177 2032 1222 est
2062 1180 2120 1222 et
2131 1173 2302 1223 natali
2324 1174 2437 1223 solo
2460 1180 2520 1222 et
2540 1173 2695 1223 disci·

481 1265 644 1329 plina,
666 1277 818 1327 quem
853 1261 1074 1321 Plinius,
1095 1257 1267 1322 patria
1299 1271 1402 1306 non
1435 1256 1721 1319 appellata,
1743 1252 1851 1316 περὶ
1882 1250 2136 1318 δυνάμεων,
2159 1255 2256 1304 hoc
2283 1260 2391 1317 est,
2410 1256 2473 1303 de
2504 1254 2699 1305 Virtute

482 1353 540 1441 et
559 1347 672 1396 Usu
696 1344 1013 1396 Herbarum.
1034 1339 1300 1403 scripsisse
1323 1338 1398 1387 sit
1420 1338 1473 1387 in
1497 1336 1684 1386 Indice
1705 1336 1797 1386 lib.
1823 1348 2041 1390 xxvnr.

492 1425 768 1477 ἱΒοεεΙιιιε
792 1423 1051 1473 Cornelius.
1117 1418 1327 1470 Laudat
1358 1419 1499 1468 hunc
1533 1418 1674 1467 inter
1695 1423 1937 1466 suctores
1957 1415 2095 1466 haud
2132 1416 2463 1481 poenitendos
2487 1417 2697 1467 Solinus

488 1521 540 1559 c.
561 1519 602 1556 1.
625 1522 677 1569 p.
697 1509 749 1554 9.
814 1503 958 1554 AEtas
980 1504 1200 1552 incerta.

494 1622 503 1629 .
553 1588 723 1647 Bogus,
746 1585 834 1649 qui
855 1581 1182 1633 haetenusin
1201 1578 1451 1630 Plinianis
1472 1577 1619 1628 libris
1637 1577 1842 1634 Beatus,
1859 1577 2081 1642 Boetius,
2104 1585 2159 1628 et
2177 1579 2397 1629 Βοὲιῐιιιε
2419 1595 2699 1644 perperam

485 1673 569 1717 est
608 1666 918 1730 appellatus.
987 1665 1120 1712 Nam
1152 1676 1220 1711 ex
1255 1660 1515 1710 Athenaeo
1547 1660 1640 1710 lib.
1664 1672 1748 1708 rx.
1779 1674 1833 1723 p.
1856 1661 1972 1708 393.
2005 1667 2060 1708 et
2092 1657 2325 1708 Antonio
2359 1660 2615 1724 hibernii,
2648 1660 2702 1709 in

484 1745 918 1808 Metamorphosi,
935 1743 1063 1793 Fab.
1084 1757 1138 1793 v.
1157 1755 1335 1791 veram
1358 1742 1472 1805 ejus
1496 1741 1716 1790 nominis
1739 1740 2055 1803 scripturam
2078 1740 2371 1802 didicimus,
2392 1755 2514 1790 cum
2529 1778 2534 1783 .
2550 1741 2619 1791 ab
2639 1741 2702 1791 iis

487 1828 622 1876 Boios
653 1826 706 1873 ἐν
735 1821 1023 1887 ὄρνιθογονίᾳ
1057 1836 1158 1871 non
1182 1822 1344 1871 semel
1366 1821 1620 1870 laudetur.
1687 1821 1943 1870 Citatura
1962 1820 2136 1871 Plinio
2158 1835 2217 1872 Σ.
2238 1826 2287 1872 3.
2309 1822 2399 1872 ubi
2417 1822 2489 1889 de
2514 1822 2704 1887 aquilis

487 1906 614 1970 agit,
635 1912 692 1954 et
712 1905 764 1953 in
788 1903 972 1953 Indice
995 1902 1221 1966 ejusdem
1245 1900 1382 1964 libri,
1404 1900 1493 1964 qui
1516 1906 1657 1950 totus
1680 1900 1734 1948 in
1756 1898 1935 1949 avibus
1957 1899 2316 1950 describendis
2338 1909 2603 1952 versatur,

554 1986 740 2049 Botrys
771 1984 1006 2034 Medicus.
1072 1982 1402 2032 Atheniensis
1434 1981 1520 2031 hic
1550 1979 1670 2044 fuit,
1691 1987 1751 2030 ut
1780 1990 1964 2031 auctor
1986 1990 2070 2031 est
2092 1982 2332 2031 Plinius
2318 1997 2375 2031 ιιι
2398 1982 2589 2033 Indice
2613 1984 2706 2034 lib.

489 2064 836 2130 1v.B6·rpvos
857 2063 1255 2128 compositiones
1280 2058 1523 2112 medicas
1531 2062 1712 2111 landet
1734 2061 1968 2112 Galenus
1990 2060 2084 2111 lib.
2111 2075 2200 2112 ιιι.
2220 2061 2347 2112 κατὰ
2366 2062 2567 2128 τόπους,
2589 2078 2629 2115 ι.
2649 2079 2705 2128 p.

490 2150 608 2196 403.

556 2226 711 2275 Bruti
741 2224 975 2288 Epistola
1006 2223 1285 2273 laudantur
1315 2237 1348 2271 a
1381 2223 1556 2272 Plinio
1580 2234 1791 2271 xxxm.
1818 2225 1898 2271 12.
1962 2220 2051 2271 Ab
2085 2221 2278 2272 OvidIo
2301 2237 2366 2271 ex
2393 2224 2573 2274 Ponto
2596 2238 2635 2273 1.
2662 2229 2711 2273 l.

491 2309 575 2355 23.
605 2307 621 2334 ‘
645 2304 842 2355 Antoni
879 2304 1078 2366 scripta
1114 2303 1382 2366 leguntur:
1424 2303 1629 2351 Doctus
1666 2308 1722 2351 et
1755 2302 1808 2350 in
1843 2310 2053 2364 promtu
2077 2303 2266 2352 scrinia
2287 2303 2486 2352 Brutus
2508 2304 2707 2356 habet:

493 2383 542 2433 A
558 2383 812 2432 Diomede
836 2383 924 2433 lib.
948 2397 987 2431 ι.
1010 2398 1062 2446 p.
1084 2385 1199 2432 383.
1221 2387 1277 2431 et
1301 2396 1330 2431 a
1353 2381 1628 2429 Prisciano
1650 2381 1741 2430 lib.
1769 2393 1849 2431 lx.
1872 2395 1924 2444 p.
1947 2383 2148 2431 863.-ι
2168 2380 2450 2431 Anteferre
2474 2383 2570 2432 has
2592 2384 2709 2432 soli-

495 2469 580 2513 tus
601 2464 721 2512 olim
746 2462 981 2512 Platonis
1001 2461 1163 2524 ipsius
1186 2460 1654 2525 Demosthenisque
1677 2459 1888 2523 scriptis
1910 2460 2211 2510 Marcianus
2232 2462 2442 2526 quidam
2461 2463 2712 2525 traditur,

497 2543 636 2607 apud
661 2543 905 2591 Photium
930 2543 981 2590 in
1004 2541 1146 2591 Bibl.
1171 2543 1287 2591 cod.
1308 2540 1519 2590 cnvnr!
1588 2542 1683 2590 Ed.
1704 2556 1797 2589 sec.

562 2623 840 2672 Buterides.
886 2622 1064 2670 Habet
1084 2621 1169 2670 hic
1192 2623 1362 2671 locum
1387 2621 1422 2668 l.
1443 2634 1643 2669 xxxvr.
1660 2619 1910 2669 Pliniauae
1929 2620 2181 2672 Historiae
2205 2636 2252 2672 c.
2276 2625 2359 2672 17.
2384 2623 2524 2673 inter
2539 2625 2709 2688 serip-

496 2709 642 2751 tores
658 2701 948 2762 duodecim,
963 2700 1131 2765 quide
1147 2698 1500 2764 pyramidibus
1517 2700 1730 2763 AEgypti
1749 2702 1915 2750 literis
1933 2701 2131 2766 aliquid
2150 2704 2499 2755 mandarunt:
2526 2706 2709 2770 quibus

496 2782 550 2832 in
570 2781 901 2832 recensendis
922 2796 1039 2830 cum
1063 2781 1317 2830 rationem
1341 2786 1635 2844 temporum
1654 2795 1866 2831 servare
1885 2781 2083 2832 Plinius
2100 2783 2357 2842 videatur,
2381 2787 2513 2835 licet
2529 2787 2712 2836 existi·

497 2860 992 2918 mare-Butoridem,
1017 2859 1400 2926 Antisthenem,
1421 2861 1774 2925 Demetrium,
1796 2863 2138 2933 Demetelem,
2161 2878 2257 2913 nec
2286 2865 2587 2916 Ptolemaeo
2611 2868 2713 2917 La·

502 2943 653 2992 thuro
676 2942 992 3006 antiquiores
1015 2955 1146 2998 esse,
1170 2941 1321 3005 cujus
1341 2942 1640 3006 principatu
1661 2942 1843 2993 floruit
1865 2942 2165 2994 Alexander
2183 2945 2490 3009 Polyhistor
2508 2947 2600 3011 qni
2621 2948 2712 2997 hos

497 3021 786 3085 antecedit,
817 3035 913 3072 nec
933 3032 1136 3071 rursum
1157 3021 1363 3071 Tiberio
1385 3023 1592 3072 Caesare
1616 3022 1870 3086 juniores,
1893 3024 2041 3087 cujus
2066 3030 2223 3073 aetate
2244 3024 2601 3089 Apionvixit,
2623 3028 2712 3093 qni

500 3109 766 3166 postremo
789 3102 906 3151 loco
928 3107 1249 3152 recensetur.
1316 3102 1521 3152 Graecis
1542 3102 1820 3166 Βοντορίδηι
1839 3110 1895 3153 et
1909 3101 2167 3168 *Bova-pisas
2185 3104 2270 3154 hic
2291 3107 2615 3169 appellatur.

570 3183 765 3246 Bythias
795 3183 1152 3246 Dyrrackenus.
1216 3182 1497 3232 Salmasius
1530 3198 1583 3246 p.
1603 3186 1688 3232 27.
1724 3183 1957 3233 Exercit.
1991 3183 2043 3232 in
2078 3184 2241 3234 Solin-
2270 3186 2452 3236 msllet
2485 3186 2590 3250 legi
2623 3188 2712 3237 Bi·

502 3262 658 3324 thum,
693 3263 846 3327 quale
879 3277 1066 3313 nomen
1103 3268 1186 3312 est
1225 3263 1521 3326 gladiatoris
1558 3264 1695 3328 apud
1733 3264 1920 3314 Horat.
1989 3265 2185 3314 Verum
2221 3265 2356 3314 hane
2392 3267 2710 3330 scripturam

504 3357 618 3391 esse
653 3343 908 3392 sinceram
944 3342 1099 3393 docet
1130 3343 1399 3406 inscriptio
1424 3349 1573 3393 vetus
1599 3342 1747 3393 Albae
1770 3350 2000 3408 reperta,
2024 3359 2179 3408 quam
2204 3345 2479 3396 Reinesius
2503 3348 2716 3409 recitat,

500 3423 680 3486 Epist.
713 3421 831 3473 xm.
855 3422 917 3486 'p.
948 3427 1064 3473 352.
1097 3432 1289 3474 cumn.
1321 3437 1400 3475 'r1.
1424 3434 1721 3475 cmunms.
1754 3437 1991 3475 nra-uns.
2016 3438 2184 3476 anun.
2223 3438 2423 3479 unm-r.
2459 3440 2711 3479 vamur-r.

506 3502 782 3552 Laudatur
801 3518 831 3552 a
852 3503 1026 3553 Plinio
1048 3502 1104 3552 in
1123 3503 1306 3553 Indice
1328 3503 1418 3554 lib.
1438 3516 1648 3555 xxvm.
1671 3509 1729 3555 et
1748 3519 1796 3555 c.
1818 3508 1903 3557 23.
1920 3504 2154 3569 ejusdem
2178 3505 2317 3557 libri.

1545 3685 1607 3736 C.

502 3825 508 3830 ·
579 3809 801 3859 Cacilius
828 3811 1072 3876 Medicus,
1090 3812 1235 3863 inter
1261 3819 1506 3869 externos
1540 3813 1822 3877 scriptores
1854 3812 2053 3878 positus
2086 3812 2138 3862 in
2170 3813 2354 3864 Indice
2387 3814 2481 3865 lib.
2506 3827 2714 3866 xxvm.

511 3887 648 3937 idem
677 3890 814 3943 inter
844 3892 1060 3942 Latinos
1082 3893 1292 3948 ascitus,
1315 3906 1505 3943 casune
1526 3908 1591 3943 an
1618 3895 1741 3959 jure
1762 3896 1934 3960 aliquo
1954 3895 2092 3945 hami
2114 3895 2250 3945 seio:
2290 3895 2524 3946 Aehaens
2548 3903 2713 3959 certe,

488 3976 758 4053 ¹quantum
781 3972 1020 4036 conjicio,
1041 3972 1160 4023 fuit.
1194 4030 1197 4037 ¹
1220 3975 1432 4025 Καῖκλον
1457 3989 1553 4038 pro
1575 3973 1821 4025 Καικίλιον
1840 3982 2112 4026 contracte
2136 3975 2423 4026 Athenaeus
2449 3984 2601 4029 voest
2621 3977 2711 4027 lib.

511 4059 550 4093 1.
575 4061 626 4108 p.
647 4051 725 4099 13.
746 4064 810 4099 ac
831 4052 991 4101 libros
1017 4053 1357 4131 Halieuticssn
1381 4054 1648 4118 scripsisse
1672 4055 1869 4131 referte
1906 4056 2337 4121 Commentarios,
2359 4056 2563 4106 Plinius
2582 4056 2715 4121 ipse,

514 4139 671 4177 xxm.
693 4133 774 4177 27.

501 4247 509 4255 .
585 4207 789 4265 Coecina,
811 4211 887 4260 sic
921 4213 974 4263 in
997 4215 1216 4265 vetustis
1238 4215 1677 4280 Inscriptionibus
1700 4216 1918 4287 legitur,⁶
1936 4230 2040 4269 non
2064 4216 2137 4267 uti
2161 4216 2318 4280 vulgo
2340 4216 2595 4274 scribunt,
2620 4217 2713 4266 Ce-
