3000 4917
872 384 1047 431 ΝΑϊ.
1099 383 1296 432 ms‘r.
1343 383 1490 431 ma.
1543 380 1874 432 xxxvrt.
1917 367 1983 433 3.
2356 369 2533 436 4795

301 529 634 594 habuisse
657 526 682 565 '¹
729 529 1012 595 traditur
1043 529 1349 608 achaten,
1374 529 1442 593 in
1476 548 1617 613 qua
1645 548 1883 593 novem
1922 527 2147 594 Musae
2178 536 2248 594 et
2279 528 2533 615 Apollo

301 631 627 696 citharam
676 638 902 696 tenens
951 636 1436 715 spectarentur,
1467 650 1601 694 non
1647 636 1813 707 arte,
1847 631 1967 695 sed
1998 639 2239 714 sponte
2271 642 2534 698 naturae

303 735 405 798 ita
434 734 958 799 discurrentibus
1004 735 1317 811 maculis,
1349 739 1425 798 ut
1457 733 1685 798 Musis
1717 754 1984 819 quoque
2017 735 2296 816 singulis
2323 732 2339 771 ¹
2382 737 2533 801 'red-

303 836 664 901 derentur¹
711 837 1018 919 insignia.
1110 837 1262 902 Nec
1293 836 1538 901 deinde
1583 837 1743 914 alia,
1789 855 1945 920 quae
1976 836 2319 914 tradatur,
2348 856 2535 920 mag·

310 959 568 1023 nopere
616 959 1028 1017 gemmarum
1078 941 1350 1003 claritas
1387 943 1578 1002 extat
1620 939 1803 1021 apud
1857 943 2213 1003 auctores:
2261 945 2535 1021 praeter·

308 1061 518 1125 quam
581 1041 1010 1107 Ismeniamm
1056 1041 1499 1118 choraulem,¹²
1545 1041 1773 1105 multis
1829 1041 2377 1125 fulgentibusque
2440 1042 2535 1105 uti

305 1146 608 1223 solitum,
677 1145 1040 1210 comitante
1102 1143 1759 1237 fabula‘vanitatem
1812 1144 1986 1228 ejuS,
2043 1142 2388 1208 indicante
2454 1144 2523 1205 iu

307 1247 540 1333 Cypro
598 1267 750 1331 rege
812 1267 1052 1313 aureos
1095 1248 1456 1312 denarios⁰
1518 1265 1586 1310 c.
1644 1267 1768 1331 pro
1815 1246 2231 1330 smarang,ab
2276 1246 2345 1310 in
2400 1266 2536 1329 quo

1268 1427 1398 1449 ‘m
1401 1428 1623 1449 NNNNN

377 1547 517 1596 CAP.
543 1559 629 1596 nr.
694 1549 722 1594 1
759 1546 890 1597 Cod.
916 1549 1103 1600 Dalec.
1125 1551 1472 1599 ‹tarentum-2
1508 1556 1522 1578 ⁶
1543 1547 1630 1598 Ita
1655 1547 1789 1597 Mss.
1811 1545 2010 1610 Reg.2.
2028 1548 2205 1595 3.5.6.
2279 1544 2536 1608 corrupte

1316 1730 1361 1779 N
1373 1726 1531 1779 O'I'AE

1466 1858 1663 1923 gaudet
1685 1829 1920 1907 sermone
1944 1852 2168 1904 Thalia.’
2203 1851 2539 1917 Melpomene

1465 1935 1655 1985 librum
1679 1939 1919 1997 apertum
1950 1944 2104 1979 mauu
2128 1934 2332 1993 gestat:
2371 1927 2387 1955 ‘
2404 1926 2541 1975 Mel-

380 1854 402 1891 ¹‘
440 1858 660 1921 Namque
677 1858 922 1923 habuisse]
977 1860 1184 1910 Solinus
1207 1860 1390 1910 iisdem

316 1935 513 1995 verbis,
534 1949 649 1997 cap.
677 1940 728 1985 5.
752 1949 804 1998 p.
826 1939 914 1986 21.
980 1936 1303 1986 Marhodeus
1327 1936 1392 1986 de

314 2011 510 2074 Lapid.
553 2011 706 2062 Pret.
740 2026 860 2075 cap.
891 2017 944 2062 2.
981 2010 1076 2063 fol.
1107 2018 1186 2062 10.
1210 2021 1266 2062 et
1289 2013 1394 2063 alii.

208 2096 213 2101 '
314 2088 555 2137 Similem
584 2089 823 2151 achaten,
855 2088 907 2138 in
940 2104 1041 2153 quo
1068 2089 1259 2143 Christi
1285 2091 1394 2139 Do·

316 2166 446 2215 mini
481 2180 666 2216 nomen
703 2165 902 2216 affabre
937 2168 1253 2217 delineatum
1284 2182 1395 2216 cer·

314 2250 498 2304 natur,
535 2251 772 2293 asservat
814 2244 1242 2309 gazophylacium
1287 2243 1394 2293 Au-

317 2320 460 2382 gusti
488 2321 837 2369 Romauorum
863 2320 1226 2383 Imperatoris,
1260 2326 1395 2370 teste

320 2395 605 2446 Lambecio
628 2395 693 2444 de
727 2396 868 2445 Bihl.
907 2397 1100 2447 Caesar.
1136 2396 1226 2446 lib.
1247 2411 1285 2446 1.
1307 2395 1395 2451 fol.

318 2475 405 2520 25.
430 2473 458 2535 ξ
481 2475 565 2520 27.
633 2471 831 2533 Alium,
865 2472 916 2521 in
953 2486 1054 2537 quo
1074 2472 1140 2521 B.
1165 2473 1395 2536 Virginis

320 2561 441 2596 cnm
465 2561 631 2611 puero
668 2547 795 2598 Jesu
834 2545 1052 2610 effigies,
1092 2557 1283 2611 sponte
1308 2560 1419 2597 na··

320 2629 453 2672 turae
480 2622 699 2686 depicta
724 2621 880 2679 foret,
911 2624 1103 2674 vidisse
1128 2639 1183 2674 se
1207 2623 1389 2674 Aldro·

319 2699 642 2762 vandus'ait,
669 2700 732 2749 «le
753 2701 983 2749 Metallis
1008 2715 1088 2750 ιν.
1105 2706 1187 2751 73.
1206 2716 1259 2765 p.
1285 2706 1397 2753 107.

318 2776 463 2826 Vide
496 2782 553 2825 et
587 2777 917 2826 Paneirolum
959 2776 1154 2829 Rerum
1196 2780 1396 2830 Memo-

321 2851 440 2901 rab.
491 2852 578 2901 tit.
623 2856 706 2901 16.
747 2867 867 2917 pag.
905 2857 988 2904 43.
1020 2861 1076 2904 et
1111 2856 1397 2920 scriptores

323 2928 670 2994 Ephemerid.
736 2930 985 2981 German.
1031 2939 1155 2982 tom.
1206 2947 1243 2984 ι.
1287 2933 1398 2984 Ob-

322 3021 467 3057 serv.
489 3011 605 3057 156.
624 3021 747 3072 pag.
773 3010 889 3058 336.
907 3015 962 3057 et
978 3009 1285 3059 Kircherum
1309 3009 1398 3060 de·

324 3084 486 3149 nique
531 3093 768 3135 nostrum
807 3084 874 3134 de
921 3085 1125 3135 Mundo
1163 3085 1400 3136 Subterr.

329 3174 464 3212 vni.
491 3167 538 3209 l.
1309 3184 1315 3188 ·

397 3237 410 3271 ¹
448 3240 517 3288 Ut
557 3238 719 3288 Masis
752 3253 932 3302 quoque
962 3238 1188 3302 siugulis]
1221 3239 1400 3289 Musa-

326 3331 441 3365 rnm
475 3315 698 3377 insignia
734 3330 800 3364 ex
837 3325 1021 3365 vetere
1052 3316 1231 3365 tabula
1269 3317 1400 3368 reci·

328 3399 515 3442 tantur
538 3392 590 3440 in
615 3392 802 3441 Museo
829 3391 1111 3454 Cospiauo,
1148 3409 1268 3457 pag.
1287 3397 1403 3443 450.

330 3469 574 3533 Calliope
596 3468 860 3532 alphabeti
893 3470 1154 3519 elementa
1181 3478 1404 3535 quatuor

329 3553 388 3594 et
433 3545 622 3609 viginti
662 3546 871 3608 depicta
913 3547 1050 3609 gerit
1091 3546 1144 3596 iu
1191 3548 1402 3610 tabella,

331 3621 476 3687 quod
499 3622 644 3672 libris
670 3621 890 3671 totidem
922 3623 1134 3672 heroum
1160 3623 1324 3686 facta,
1344 3630 1404 3674 ut

331 3697 559 3748 Achillis
577 3704 633 3748 et
648 3699 873 3764 ulyssis,
890 3700 1275 3753 contineantur.
1298 3702 1407 3752 An-

331 3776 516 3824 sonius
552 3775 691 3837 Idyl.
717 3789 814 3826 xx.
850 3775 1132 3825 ‘Carmina
1167 3777 1405 3843 Calliope

331 3851 478 3902 libris
503 3850 717 3900 heroica
740 3851 986 3902 mandat.'
1036 3853 1151 3902 Clio
1176 3860 1295 3903 ante
1316 3866 1407 3918 pe·

334 3927 428 3977 des
460 3927 702 3991 abjectos
738 3927 1068 3978 historiarum
1113 3929 1276 3979 libros
1317 3930 1406 3979 ha-

333 4007 462 4057 berz
497 4005 515 4033 ‘
539 4006 658 4055 Clio
702 4013 850 4068 gesta
892 4020 1084 4056 canens
1132 4008 1404 4057 transactis

336 4090 578 4147 tempora
617 4080 830 4131 reddit.’
896 4082 1055 4132 Erato
1084 4081 1195 4148 lyra
1229 4084 1404 4133 canit=

339 4162 357 4190 ‘
383 4160 601 4210 Plectra
634 4172 822 4223 gerens
861 4158 1020 4209 Erato
1054 4160 1214 4210 saltat
1253 4158 1406 4223 pede,

340 4236 594 4299 carmine,
617 4232 800 4285 vultu:
862 4235 1049 4285 Thalia
1072 4236 1126 4285 in
1161 4236 1409 4287 viridanti

343 4314 463 4365 luco
507 4310 853 4363 obambulat:
910 4312 928 4342 ‘
962 4313 1173 4364 comica
1214 4313 1409 4365 lascivo

1468 2025 1687 2076 pomene
1713 2008 1916 2072 tragico
1938 2007 2227 2072 proclamat
2251 2011 2432 2054 moesta
2452 2003 2540 2052 bo-

1468 2086 1596 2149 atu!
1643 2086 1991 2149 Terpsichore
2013 2082 2302 2132 citharamz
2343 2079 2540 2142 ‘Terp-

1468 2165 1669 2215 sichore
1693 2161 1909 2212 affectus
1928 2158 2144 2210 citharis
2164 2162 2359 2216 movet,
2374 2156 2541 2220 impe·

1470 2249 1569 2305 rat,
1593 2239 1789 2305 auget?
1824 2240 2055 2302 Euterpe
2076 2234 2301 2286 fistulam
2321 2249 2337 2284 a
2380 2233 2396 2260 ⁴
2414 2232 2543 2283 Dul-

1467 2319 1699 2383 ciloquos
1757 2316 1982 2366 calamos
2045 2313 2279 2374 Euterpe
2334 2306 2541 2358 flatibus

1469 2394 1660 2459 urget.’
1702 2390 2051 2458 Polyhymnia
2086 2388 2346 2453 duplicem
2376 2385 2543 2435 citha-

1468 2488 1577 2524 ram
1603 2490 1616 2521 :
1654 2472 1871 2535 ‘Signat
1895 2474 2083 2518 cuncta
2107 2479 2282 2521 manu,
2313 2463 2544 2527 loquitur

1471 2548 1821 2614 Polyhymnia
1864 2543 2058 2608 gestu)
2135 2541 2335 2591 Urania
2378 2539 2545 2603 sphae-

1470 2642 1579 2678 ram
1605 2626 1998 2688 circinumque:
2031 2620 2047 2647 ‘
2068 2618 2264 2670 Uranie
2296 2616 2414 2667 coeli
2438 2630 2544 2666 mo-

1471 2711 1553 2754 tus
1577 2708 1842 2753 scrutatur
1868 2704 1923 2749 et
1954 2694 2132 2747 astra-⁹

1539 2789 1579 2814 ¹²¹
1614 2775 1896 2841 Ismeniam]
1959 2771 2219 2835 Ἰσμηνίαν,
2272 2768 2544 2820 tibicinem

1470 2857 1795 2917 Thebanum,
1819 2853 1886 2904 de
1909 2865 2012 2918 quo
2038 2848 2347 2900 Plutarchus
2359 2844 2544 2894 adver·

1478 2949 1566 2983 sus
1589 2934 1893 2997 Epicurum,
1930 2942 2051 2993 pag.
2076 2931 2220 2976 1095.
2245 2931 2299 2973 et
2324 2924 2377 2972 in
2398 2922 2548 2972 Peri-

1479 3012 1600 3062 cle:
1637 3010 1798 3059 ‘Cum
1825 3001 2089 3065 audisset,'
2122 2999 2547 3066 inquit,‘Antis-

1473 3087 1660 3136 thenes
1685 3082 1962 3134 Ismeniam
1994 3078 2249 3143 optimum
2283 3088 2401 3125 esse
2427 3074 2546 3123 tibi·

1474 3164 1666 3225 cinem,
1720 3155 1997 3222 respoudit
2024 3171 2039 3204 ε
2106 3153 2283 3203 Malus
2338 3151 2499 3215 igitur
2531 3167 2544 3196 ε

1470 3255 1589 3291 nam
1634 3239 1675 3289 si
1722 3237 1915 3303 probus
1959 3238 2123 3295 esset,
2180 3229 2377 3281 tibicen
2441 3242 2546 3278 nou

1474 3314 1653 3368 esset-⁹

1542 3401 1566 3427 ¹³
1606 3387 1919 3453 Char-ataleni]
1968 3383 2239 3452 Χοραύλην,
2288 3382 2550 3440 tibicinem,

1476 3471 1567 3536 qui
1595 3470 1649 3519 in
1673 3470 1830 3519 choro
1855 3465 1985 3515 tibia
2006 3464 2167 3514 canit.
2234 3460 2375 3512 Olim
2398 3460 2549 3525 quip-

1477 3561 1546 3612 pe
1566 3546 1619 3596 in
1643 3543 1928 3605 comoediis,
1977 3539 2214 3606 ‘quando
2246 3538 2434 3588 chorus
2460 3550 2550 3584 ea-

1477 3625 1660 3687 uebat,
1680 3621 1900 3673 choricis
1916 3618 2076 3674 tibiis,
2090 3616 2145 3666 id
2167 3623 2272 3677 est,
2293 3613 2549 3663 chorauli-

1478 3701 1575 3761 cis,
1605 3697 1797 3748 artifex
1837 3689 2187 3752 concinebat,’
2221 3689 2393 3754 inquit
2423 3687 2549 3737 Dio-

1478 3773 1776 3827 medes-tib.
1800 3784 1887 3821 nr.
1910 3783 2028 3833 pag.
2048 3771 2167 3816 489.
2231 3762 2389 3828 Apud
2413 3764 2553 3813 Gru-

1481 3860 1584 3903 ter.
1619 3865 1740 3916 pag.
1767 3851 1916 3898 1035.-
1951 3853 2268 3893 eurtum.
2296 3852 2549 3890 (τηουγ-

1485 3943 1590 3979 mur
1612 3927 1826 3977 mentio.
1863 3924 1928 3972 lu
1955 3918 2202 3970 conviviis
2234 3916 2391 3965 etiam
2414 3916 2550 3966 ceci·

1485 4006 1621 4055 nisse
1660 4000 1946 4058 choraulas,
1980 4010 2044 4046 ex
2080 3992 2312 4043 Martiali
2336 3991 2550 4054 scimus,

1487 4081 1582 4132 lib.
1608 4094 1689 4130 rx.
1723 4079 1739 4106 ‘
1759 4074 1911 4128 Quod
1935 4072 2186 4136 optimum
2210 4069 2278 4117 sit
2307 4066 2546 4131 quaeritis

1488 4154 1814 4209 convivium?
1881 4151 1944 4200 In
1969 4146 2109 4214 quod
2139 4145 2410 4196 choraules
2445 4157 2548 4193 non

1489 4232 1671 4293 venit't’

1555 4320 1580 4346 ⁰
1613 4305 1769 4374 [Sex]
1790 4318 1959 4357 marsos
1974 4299 2222 4364 denarios]
2252 4296 2393 4352 Sive,
2413 4294 2549 4361 quod
