3000 4917
474 346 651 413 4586
1212 360 1280 409 c.
1327 359 1571 408 anu
1618 358 1951 409 succum

479 507 801 583 dedere.³⁵
890 507 979 571 Et
1023 506 1283 590 hujusm
1334 507 1738 571 auctoritate
1797 504 2107 571 effectum
2164 512 2270 569 est
2290 502 2342 552 ³⁶
2394 507 2682 590 Sicyone

478 610 786 693 primum,
833 607 1072 675 deinde
1110 615 1181 672 et
1227 609 1294 672 in
1340 614 1479 672 tota
1520 607 1813 683 Graecia,
1861 614 1934 672 ut
1972 609 2165 690 pueri
2214 609 2477 690 ingenui
2526 618 2685 673 ante

479 711 747 775 onmia¹‘²
787 711 1200 794 graphicen,⁰
1241 711 1368 775 hoc
1415 716 1541 788 est,
1575 712 1907 792 picturam
1936 711 2004 774 in
2041 712 2230 774 buxo
2264 711 2685 788 docerentur,

476 812 1012 897 recipereturque
1040 833 1148 877 ars
1177 832 1256 877 ea
1286 814 1353 876 in
1386 814 1670 896 primurn
1706 811 1980 893 gradum
2002 813 2424 876 liberalium?
2497 814 2686 878 Sem-

478 934 598 996 per
638 914 904 995 quidem
946 913 1163 978 bonos
1203 915 1265 978 ei
1298 914 1450 990 fuit,
1483 919 1557 977 ut
1588 914 1856 994 ingenui
1889 921 2350 992 exercerent,³⁷
2394 935 2560 978 mox
2610 926 2691 980 ut

477 1014 778 1082 honesti:
822 1022 1144 1098 perpetuo
1176 1015 1573 1080 interdictoq
1605 1034 1689 1079 ne
1721 1017 1993 1079 servitia
2024 1016 2435 1081 docerentur.
2516 1017 2687 1081 Ideo

475 1136 696 1198 neque
739 1118 804 1180 in
840 1117 990 1195 bac,
1023 1137 1238 1201 neque
1268 1119 1336 1181 in
1366 1118 1725 1196 toreutice,
1754 1117 1961 1182 ullius
1990 1119 2105 1201 qui
2143 1121 2443 1184 servierit
2481 1139 2690 1203 opera

479 1219 920 1285 celebrantur.

496 1378 500 1383 .
564 1320 749 1387 Clari
795 1322 997 1385 etiam
1039 1338 1223 1386 cvu.
1269 1321 1673 1407 Olympiade
1715 1320 2001 1387 extitere
2048 1321 2305 1387 Echion
2354 1331 2425 1388 et
2454 1322 2690 1389 Theri-

476 1421 832 1485 macus.³⁸‘
947 1423 1267 1488 Echionis
1326 1429 1487 1488 sunt
1541 1424 1804 1489 nobiles
1853 1423 2161 1506 picturae,
2217 1423 2418 1487 Liber
2472 1430 2689 1505 pater,

475 1524 637 1587 item
684 1524 1053 1606 Tragoedia
1098 1533 1170 1590 et
1213 1524 1610 1590 Comoedia:
1657 1524 2044 1590 Semiramis
2087 1544 2175 1588 ex
2217 1525 2504 1590 ancilla⁸
2547 1545 2689 1608 reg-

477 1645 639 1704 num
676 1625 1109 1709 ‘adipiscensn
1140 1647 1308 1691 anus
1355 1627 1709 1710 lampadas
1747 1628 2124 1713 praeserenS,
2154 1632 2222 1690 et
2250 1645 2431 1701 nova
2474 1634 2693 1710 nupta

477 1728 884 1797 verecundia
911 1729 1249 1793 notabilis.
2421 1794 2426 1797 .

565 1827 821 1893 Verum
864 1849 1096 1894 omnes
1136 1832 1319 1914 prius
1347 1832 1606 1914 genitos
1635 1831 2039 1914 futurosque
2069 1838 2306 1915 postea
2349 1831 2696 1914 superavit

479 1927 760 2012 Apelles
811 1930 1108 2008 CouS,³⁹‘
1165 1930 1572 2016 Olympiade
1618 1949 1813 1996 cx11.
1910 1933 2209 2000 Picturae
2258 1935 2460 2019 plura
2503 1934 2697 1998 solus

1395 2112 1759 2137 ΟΝΟΜΙΝ

479 2227 620 2276 bile!
656 2230 955 2280 Dotem—85
983 2231 1069 2281 Ita
1094 2243 1160 2280 ex
1184 2229 1341 2280 codd.
1365 2230 1668 2280 Han-duinus
1690 2238 1747 2281 et
1771 2238 1996 2281 recentt.
2030 2237 2078 2281 et
2102 2231 2297 2296 Apelles
2319 2228 2369 2281 et
2391 2231 2697 2281 Melanthius

479 2294 527 2342 ei
548 2295 716 2344 dedere
739 2295 972 2345 Gronov.
995 2303 1052 2346 et
1074 2296 1247 2359 vulgg.
1299 2296 1582 2345 Melanthus
1599 2297 1739 2346 Plut.
1763 2297 1796 2345 Ι.
1818 2300 1999 2347 0.-36
2033 2297 2164 2346 Cod.
2190 2298 2377 2346 Dalec.
2394 2298 2595 2356 factm
2610 2302 2698 2346 est.

479 2357 610 2406 Mox
634 2358 684 2406 iu
709 2361 913 2424 eodem,
933 2360 1133 2422 ingenui
1154 2360 1313 2408 omnia
1344 2361 1449 2410 ant'
1607 2361 1672 2411 ia.
1738 2360 1944 2410 Deinde
1970 2375 2062 2424 pro
2081 2363 2359 2424 graphio-eu,
2383 2363 2620 2411 GronoV.
2643 2369 2698 2410 et

480 2423 549 2470 al.
576 2429 699 2471 aute
727 2424 982 2475 Harduiu.
1006 2426 1499 2488 &nymphium—37
1535 2426 1769 2475 Gronov,
1805 2433 1860 2474 et
1884 2426 1947 2475 al.
1976 2436 2098 2474 ante
2133 2427 2390 2474 Harduiu.
2422 2431 2481 2474 ut
2502 2425 2700 2487 ingenui

466 2501 585 2535 vam
627 2493 1052 2539 exercerent.—38
1087 2491 1218 2539 Cod.
1258 2490 1448 2538 Dalec.
1492 2491 1676 2540 Echion
1719 2505 1776 2539 ac
1811 2490 2267 2540 Therimucus.-39
2316 2491 2404 2541 lta
2443 2505 2510 2539 ex
2546 2490 2699 2539 codd.

480 2550 783 2602 Harduiuus
808 2561 866 2604 et
887 2561 1115 2607 recentt.
1180 2554 1392 2618 Apelles,
1422 2569 1621 2619 eousque
1660 2555 1894 2605 Gronov.
1938 2564 1993 2605 et
2030 2556 2097 2605 al.
2135 2563 2265 2606 vett.
2330 2555 2526 2619 Apelles
2553 2556 2699 2613 Cous,

1475 2701 1699 2751 NOTAE

502 2858 505 2863 .
546 2806 584 2831 ¹¹¹
625 2798 689 2846 Et
711 2795 873 2858 hujus]
909 2798 1190 2862 Pamphili.
1691 2806 1711 2832 ¹
1744 2800 1930 2849 Echion
1960 2804 2006 2848 et
2048 2797 2377 2861 Ther-imam]
2424 2797 2575 2846 Inter
2610 2797 2699 2848 fic·

500 2932 513 2940 .
549 2882 574 2907 ¹²
605 2875 734 2924 Ante
757 2875 939 2940 omnia]
986 2876 1110 2933 Vel,
1133 2874 1314 2925 eadem
1339 2881 1545 2925 senteu-

389 3008 394 3013 ,
483 2951 577 3014 tia,
602 2965 666 3000 ex
691 2951 822 3000 Mss·
844 2951 1082 3003 codicum
1105 2951 1228 3009 fide,
1247 2953 1360 3017 ipso
1378 2953 1548 3002 Pinti-

484 3041 584 3079 ano
608 3034 766 3089 teste,
787 3027 945 3077 omniu
965 3033 1094 3081 unte.

545 3109 570 3135 ⁰
607 3102 903 3167 Graphicen]
954 3104 1039 3154 Sic
1071 3104 1205 3153 Mss.
1226 3118 1548 3168 omnes,non

483 3173 839 3244 diagraphiceu.
911 3181 1120 3246 Γραφικὴ
1143 3196 1226 3231 ars
1250 3180 1550 3231 delineaudi

483 3265 601 3305 est.-
644 3256 956 3318 Dmeigner.
1024 3256 1205 3306 Buxus
1238 3257 1358 3306 olim
1393 3257 1459 3305 ad
1495 3256 1549 3307 id

484 3333 655 3381 electa
687 3332 1030 3396 potissimum,
1065 3339 1285 3396 propter
1306 3333 1550 3382 laevorem

477 3407 744 3471 materiae,
766 3408 1017 3479 simulque
1034 3408 1349 3459 densitatem
1375 3425 1390 3458 τ
1413 3411 1550 3474 quod

484 3485 696 3534 minime
729 3485 956 3534 colorem
991 3483 1221 3550 biberet,
1253 3499 1352 3535 nec
1388 3485 1552 3537 lineas

483 3560 671 3612 fluidas
698 3561 965 3611 redderet.

534 3649 560 3683 Ρ
593 3639 915 3704 Liberalium]
968 3640 1239 3691 Liberales
1288 3645 1430 3691 artes
1477 3640 1555 3690 di·

485 3727 693 3780 cuntur,
716 3733 833 3782 quae
858 3720 1099 3767 coluntur
1123 3715 1333 3781 ingenio
1350 3732 1367 3764 ε
1407 3715 1554 3767 ideo-

485 3810 589 3861 que
612 3796 782 3860 dignae
807 3804 922 3845 suut
951 3795 1187 3852 ingenuis
1214 3794 1520 3846 bominibus.

551 3879 577 3914 ‘l
616 3873 848 3936 Perpetuo
867 3871 1149 3935 interdicto]
1195 3871 1334 3920 Vide
1358 3886 1474 3935 quae
1500 3873 1553 3920 in

484 3949 621 3999 hauc
647 3964 754 3997 rem
780 3949 981 3997 erudite
1010 3949 1245 4010 congerit
1271 3946 1555 3998 Gotliofre·

489 4025 584 4073 dus
628 4025 681 4074 in
719 4023 846 4072 Cod.
881 4024 1078 4073 Theod.
1114 4038 1244 4073 xm.
1278 4027 1328 4073 4.
1365 4024 1416 4071 in
1451 4039 1557 4088 qua

485 4101 757 4151 Pictorum
795 4099 1171 4160 inmunitates,
1195 4101 1238 4147 si
1272 4099 1426 4148 modo
1448 4101 1556 4150 siut

485 4176 719 4240 ingenui.
742 4176 817 4224 uti
834 4185 1066 4233 cavetur,
1084 4186 1417 4227 recensentur
1434 4191 1551 4243 per-

493 4266 654 4318 quam
678 4258 941 4302 accurate.

1629 2887 1769 2931 tores
1793 2879 1945 2942 hujus
1969 2877 2298 2942 Olympiadis
2334 2877 2592 2945 appellati
2615 2892 2698 2926 su-

1629 2955 1805 3020 perius
1830 2968 2031 3004 xxxiv.
2057 2959 2139 3003 19.

1694 3041 1713 3066 ⁸
1761 3031 2040 3081 Semiramis
2093 3045 2156 3080 ex
2209 3029 2408 3092 ancilla]
2468 3030 2698 3081 Ctesiam

1633 3109 1837 3159 Plinius
1870 3115 2135 3158 auctorem
2169 3106 2313 3171 sequi
2349 3106 2581 3169 videtur,
2614 3107 2703 3170 qni

1634 3200 1737 3249 quo
1772 3191 1889 3234 astu
1929 3183 2228 3234 Semiramis
2276 3197 2490 3243 regnum
2544 3184 2701 3246 adep·

1634 3269 1691 3311 ta
1714 3262 1804 3325 sit,
1821 3276 1938 3310 cum
1963 3268 2099 3309 esset
2123 3259 2329 3309 humilis
2353 3257 2583 3308 fortunae
2609 3257 2703 3307 foe-

1631 3337 1791 3397 mina,
1812 3335 2067 3385 describit
2086 3335 2377 3385 luculenter
2406 3333 2548 3397 apud
2575 3336 2703 3384 Dio·

1634 3413 1818 3465 dorum
1841 3412 1946 3462 Sic.
1973 3411 2068 3461 lib.
2092 3426 2154 3461 11.
2180 3412 2319 3463 Bibl.
2344 3427 2398 3475 p.
2424 3415 2539 3461 10⁷.

1697 3491 1715 3523 t
1761 3489 1950 3552 Apelles
1994 3487 2144 3552 Cous]
2195 3494 2209 3517 ⁸
2236 3486 2478 3551 Apellem
2541 3487 2705 3536 fuisse

1635 3561 1913 3617 Coiinsiu'm
1950 3578 2154 3628 quoque
2194 3563 2385 3613 nummi
2426 3571 2710 3623 testantur,

1633 3642 1722 3692 ille
1766 3640 2001 3704 inprimis
2035 3653 2188 3703 quem
2224 3639 2478 3702 Seguinus
2515 3639 2707 3701 edidit,

1635 3734 1758 3783 pag.
1789 3723 1869 3768 18.
1904 3716 2148 3766 secuudae
2179 3716 2444 3765 editionis.
2495 3717 2577 3765 Ex
2603 3731 2707 3765 uua

1635 3802 1785 3859 parte
1811 3795 1974 3843 virum
2016 3792 2209 3842 nudum
2248 3792 2481 3855 exhibet,
2513 3791 2708 3841 dextro

1637 3871 1847 3921 brachio
1870 3870 1936 3918 ad
1959 3869 2096 3917 latus
2122 3865 2346 3916 reflexo:
2393 3882 2609 3930 puerum
2642 3867 2707 3915 si-

1634 3950 1803 3997 nistra
1848 3953 2021 4009 gestat
2059 3944 2281 3993 leoninae
2316 3944 2437 4006 pelli
2478 3943 2707 3992 insiden-

1635 4032 1760 4075 tem.
1828 4024 1984 4073 Viros
2031 4019 2293 4085 signifieat
2340 4021 2390 4067 in
2436 4034 2499 4068 ea
2539 4020 2708 4069 insula

1636 4100 1875 4151 robustos
1910 4110 2046 4159 esse,
2078 4096 2218 4145 etad
2246 4094 2544 4144 Herculeos
2565 4094 2705 4145 labo-

1635 4190 1723 4226 res
1764 4171 2128 4237 suscipiendos
2188 4186 2217 4219 a
2265 4184 2429 4234 puero
2481 4170 2710 4220 institui.

1639 4251 1939 4319 Epigrapbe
1959 4266 1974 4302 ε
1998 4253 2212 4301 Romu.
2261 4248 2341 4299 Ex
2365 4248 2533 4297 altera
2558 4255 2711 4313 parte
