3000 4917
0 3805 28 4308 afflante-uve-

779 414 847 463 ο.
897 409 1139 461 maun
1186 409 1521 459 saeuum
1573 409 1722 460 mn.
1772 411 1886 459 111.
1928 393 2107 480 (26.)
2377 394 2552 461 5019

564 561 704 610 Cn.
728 571 892 609 xxlv.
948 553 1198 606 Noricum.

401 635 666 699 Noricum]
714 634 976 684 Pancirol.
1022 647 1180 697 super
1226 631 1405 681 Notic.

349 713 539 765 Occid.
562 716 711 762 c.63.
745 712 899 762 Idem.
1240 711 1244 715 ’
1340 698 1352 707 ’

412 788 458 837 Α
484 794 619 849 tergo
645 787 914 837 Carnorum
933 790 982 836 et
1004 785 1225 849 lapidum
1248 800 1340 848 qua
1361 799 1409 833 se

334 864 444 925 fert
486 877 689 926 magnus
720 863 872 926 Ister]
912 862 1047 913 Haec
1084 863 1133 910 in
1168 861 1406 911 Manusc.

343 948 406 990 et
446 946 552 990 vet.
590 946 939 990 annectuntur
978 953 1098 1003 cap.
1136 937 1409 1003 superiori.

346 1016 503 1066 Idem.

566 1092 701 1141 Car.
722 1102 859 1139 τιν.
923 1088 1194 1139 Pannonia.

413 1166 690 1230 Pannonia]
747 1167 961 1229 Ouupb.
1004 1165 1227 1215 Panvin.
1272 1165 1409 1228 Imp.

347 1244 502 1294 Rom.
536 1259 589 1307 p.
607 1247 722 1292 800.
746 1249 804 1292 et
827 1242 1095 1293 Paucirol.
1120 1256 1279 1306 super
1304 1242 1410 1291 No·
1437 1249 1443 1256 ·

349 1322 434 1371 tit.
458 1319 646 1370 Occid.
666 1333 714 1368 c.
736 1323 821 1369 63.
853 1319 1022 1370 Dulce.

413 1394 595 1457 Siscia]
630 1396 849 1447 Sisciam
874 1395 939 1445 ab
962 1394 1074 1445 aliis
1106 1394 1295 1452 vocari,
1319 1395 1410 1444 Sa-

347 1473 483 1522 viam
508 1487 633 1522 vero
654 1472 709 1521 in
734 1471 862 1522 Not.
883 1472 1033 1520 Rom.
1056 1473 1193 1536 Imp.
1216 1479 1272 1521 et
1296 1486 1411 1536 pro·

348 1563 419 1612 pe
442 1548 702 1600 Albanum
727 1554 954 1598 montem
978 1548 1113 1598 citra
1146 1550 1334 1597 Savum
1357 1548 1410 1597 in

347 1624 623 1675 Pannonia
661 1622 932 1687 superiore
972 1624 1145 1681 sitam,
1187 1622 1412 1687 olimque

348 1699 616 1751 monetam
635 1700 709 1750 ibi
731 1714 906 1751 cusam
923 1698 1104 1764 fuisse,
1120 1700 1343 1765 ideoque
1356 1708 1413 1749 et

348 1777 676 1841 propositum
701 1776 1058 1826 thesaurorum
1086 1776 1276 1827 ibidem
1301 1790 1412 1825 ver·

348 1860 523 1904 satum
557 1861 613 1904 et
643 1860 871 1903 monetoe
911 1861 1299 1916 procuratorem
1323 1867 1413 1902 no·

349 1938 432 1981 tat
464 1931 731 1981 Pancirol.
770 1942 925 1992 super
946 1929 998 1978 d.
1024 1929 1200 1980 Notic.
1232 1928 1325 1978 lib.
1350 1943 1413 1979 11.

348 2011 432 2058 36.
458 2014 516 2057 et
538 2012 623 2058 37.
689 2007 943 2056 Videatur
976 2012 1031 2055 et
1063 2006 1238 2063 Ortel.
1270 2005 1414 2056 Ono.-

347 2090 502 2134 mast.
546 2089 639 2134 aut
676 2081 828 2132 Thes.
897 2082 1003 2132 Sed
1039 2089 1096 2134 et
1132 2082 1413 2131 stationem

351 2162 501 2211 unius
542 2173 611 2209 ex
648 2166 869 2224 quatuor
890 2156 1212 2208 Danubianis
1236 2156 1415 2208 classi-

351 2239 448 2288 bus
474 2251 637 2301 prope
658 2236 894 2295 eandem,
912 2235 1209 2298 stativaque
1228 2236 1279 2284 in
1303 2236 1417 2299 ipsa

348 2313 579 2363 cohortis
621 2311 793 2361 tertiae
815 2311 1119 2373 Alpinorum
1158 2308 1254 2359 sub
1277 2310 1416 2359 Pan-

349 2390 523 2441 noniae
548 2391 695 2439 Duce
720 2388 1028 2438 merentium
1062 2384 1328 2449 fuisse,-is,
1350 2385 1417 2435 de

352 2482 455 2531 quo
496 2465 650 2529 paulo
686 2470 807 2513 ante
842 2463 1156 2513 mentionem
1178 2461 1416 2527 fecimus,

351 2541 617 2592 Pancirol.
641 2555 705 2590 11.
725 2543 805 2588 81.
830 2543 1138 2589 commouet.
1171 2537 1322 2587 Idem.

603 2622 738 2671 Car.
762 2632 923 2669 xxvi.
975 2616 1168 2667 Moesia.

418 2696 621 2760 Moesia]
643 2697 831 2745 Moesia
848 2694 1103 2758 superior,
1119 2691 1272 2742 bodie
1287 2691 1415 2741 Bos-

354 2786 588 2839 na,·cum
620 2778 769 2835 parte
799 2771 1026 2820 Serviae=
1061 2768 1251 2820 Moesia
1282 2765 1416 2817 infe·

262 2888 269 2894 .
349 2849 476 2910 rior,
498 2847 650 2898 bodie
675 2848 943 2911 Bulgaria,
972 2860 1092 2896 cum
1123 2849 1273 2909 parte
1294 2845 1415 2894 Wa-

350 2923 558 2974 lacliiae.
614 2923 832 2987 Bulgari
856 2923 975 2971 olim
997 2921 1232 2971 Triballi.
1287 2921 1416 2970 Pto·

353 3001 585 3057 lemaeus,
623 3001 713 3063 qui
748 3000 940 3050 saeculo
964 2997 1216 3048 Antonini
1240 2998 1416 3062 Impe-

354 3075 543 3125 ratoris
588 3074 819 3138 scripsit,
859 3073 1093 3124 meminit
1127 3074 1415 3138 utriusque.

351 3152 612 3215 Vopiscus
628 3160 820 3213 tamen,
839 3151 990 3214 longe
1003 3152 1276 3213 posterior,
1292 3151 1416 3200 scri·

354 3227 454 3290 bit,
499 3226 836 3277 Aurelianum
883 3227 1076 3284 Dacos,
1130 3226 1219 3290 qui
1277 3227 1416 3276 ultra

354 3304 655 3354 Danubium
700 3304 1021 3367 babitabant,
1076 3303 1127 3351 in
1180 3302 1414 3353 Moesiam

353 3380 666 3436 traduxisse,
702 3379 755 3428 in
783 3394 902 3429 eum
941 3384 1162 3428 tractum
1193 3379 1415 3442 scilicet,

352 3456 442 3504 ubi
483 3471 619 3505 nunc
647 3456 831 3506 Servia
867 3463 966 3520 est,
997 3463 1052 3505 et
1084 3456 1323 3506 Moesiam
1361 3456 1415 3506 in

354 3530 485 3580 duos
506 3534 747 3582 secuisse.
783 3532 951 3583 Doleo.

420 3607 690 3656 Pannonica
708 3607 940 3669 jugitur
967 3607 1233 3674 provincia]
1277 3608 1415 3660 Pan-

351 3685 522 3734 noniae
548 3699 666 3748 pars
683 3685 865 3747 Dacia,
880 3685 989 3736 sive
1006 3685 1414 3749 Transsylvania.

353 3760 506 3810 Hanc
542 3768 725 3811 tenent
756 3767 864 3811 tres
886 3766 1101 3824 gentes:
1135 3760 1417 3823 Teotones,

352 3836 463 3887 sive
499 3838 780 3899 Teutones,
811 3836 1013 3886 oriundi
1045 3851 1075 3885 a
1111 3835 1416 3894 Saxonibus,

352 3912 494 3962 bello
515 3910 697 3974 fortes,
720 3910 873 3962 hodie
899 3911 1362 3975 Sibenburgenses,
1386 3926 1418 3961 a

352 3999 556 4056 septem
596 3990 808 4040 urbibus
842 4003 971 4055 quas
1023 3990 1291 4053 possident
1327 4005 1416 4040 no-

353 4071 554 4120 minati.
620 4068 773 4118 Unde
821 4075 876 4118 et
916 4068 1093 4117 Latini
1137 4068 1153 4096 ‘
1178 4068 1416 4132 Septem·

352 4144 554 4196 castra'
595 4159 710 4194 eam
749 4143 1069 4207 provinciam
1101 4151 1311 4207 vocant,
1333 4143 1415 4193 Si-

352 4222 474 4285 culi,
492 4220 691 4285 Ungari
711 4220 1068 4278 vetustissimi,
1083 4227 1156 4285 et,
1175 4228 1234 4271 ut
1249 4222 1416 4284 aiunt,

351 4297 663 4349 nobilissimi.
713 4295 884 4362 Agros
909 4298 947 4349 ii
967 4298 1198 4363 quamvis
1217 4299 1413 4362 colant,

1486 562 1543 605 et
1566 543 1761 620 ‘greges
1799 559 2038 620 pascant,
2075 553 2299 605 invicem
2334 553 2431 604 sibi
2464 569 2552 605 oc-

1483 641 1759 684 currentes
1792 648 2071 697 generosos
2106 648 2160 683 se
2200 632 2450 683 Dominus
2472 647 2552 682 sa-

1485 712 1675 761 lutant.
1745 711 2007 760 Immunes
2032 719 2171 774 sunt,
2193 710 2291 759 uisi
2315 725 2430 759 cum
2455 724 2551 758 rex

1486 795 1781 837 coronatur.
1828 788 1955 836 Tum
1979 786 2112 836 enim
2136 787 2352 852 quisque
2375 792 2553 850 pater·

1486 862 1710 913 familias
1747 871 1946 913 taurum
1983 864 2187 928 pendit.
2263 863 2554 927 Sexaginta

1485 940 1647 988 millia
1669 954 1732 989 ea
1756 954 1886 1003 gens
1921 954 1977 988 se
2010 939 2249 989 daturam
2277 946 2433 1002 pacta
2454 945 2552 988 est.

1486 1017 1627 1067 Jussi
1669 1016 1764 1065 nisi
1805 1016 1873 1065 ad
1910 1016 2102 1065 bellum
2138 1013 2554 1079 proficiscantur,

1488 1092 1794 1155 plectuntur
1817 1092 2008 1155 capite,
2038 1106 2098 1140 ac
2133 1092 2356 1141 omnium
2391 1092 2550 1141 bono-

1488 1183 1602 1217 rum
1628 1170 1861 1232 jactura,
1884 1183 2000 1233 quae
2023 1167 2150 1218 fisco
2173 1168 2556 1233 adjudicantur.

1486 1247 1672 1308 Tertii,
1694 1245 1949 1301 Walachi,
1974 1246 2115 1300 Istro
2138 1243 2345 1295 finitimi
2375 1261 2406 1294 a
2434 1246 2553 1295 Me·

1373 1352 1378 1357 -
1486 1323 1639 1385 ridie,
1685 1322 1923 1384 Rosanis,
1954 1323 2065 1372 sive
2100 1322 2339 1385 Rutenis,
2372 1338 2403 1372 a
2425 1323 2554 1386 Sep-

1490 1393 1769 1448 tentrione.
1839 1399 2181 1464 Nomadibus,
2200 1399 2425 1463 Scythis,
2443 1398 2554 1447 sive

1487 1476 1742 1539 Tartar-is,
1769 1489 1941 1525 versus
1962 1475 2138 1540 'Pyran
2160 1473 2403 1525 fluvium:
2431 1474 2553 1525 olim

1489 1552 1661 1616 Getae,
1684 1553 1769 1617 qui
1796 1553 2007 1602 Darium
2035 1552 2321 1615 Hystaspis
2348 1552 2556 1617 repule-

1490 1636 1630 1678 runt.
1687 1630 1734 1678 A
1759 1630 1970 1690 Flacco,
1992 1629 2081 1694 qui
2102 1643 2165 1678 eo
2189 1629 2442 1680 coloniam
2465 1628 2556 1679 de·

1489 1705 1663 1768 duxit,
1687 1705 1922 1769 Flaccos,
1946 1712 2129 1771 postea
2147 1705 2417 1756 Walacbos
2441 1705 2554 1756 dic·

1490 1790 1572 1832 tos
1595 1783 1946 1832 arbitrantur:
1979 1788 2042 1831 ut
2081 1781 2312 1831 Serviam
2347 1782 2554 1846 provin·

1489 1858 1639 1914 ciam,
1662 1858 1799 1923 quod
1824 1863 1959 1908 teste
1980 1857 2260 1921 Strabone,
2278 1857 2553 1922 Getarum3

1490 1941 1548 1984 et
1581 1934 1865 1997 Dacorum,
1895 1934 2031 1984 unde
2070 1936 2247 1984 Davus
2280 1933 2556 1984 Terentia-

1488 2026 1587 2061 nus
1604 2011 1750 2074 quasi
1767 2011 1958 2067 Dacus,
1977 2010 2189 2059 servilia
2206 2010 2414 2060 nomina
2430 2011 2555 2076 sint,

1490 2094 1548 2137 et
1571 2087 1623 2136 in
1648 2086 1878 2135 Servium
1909 2086 2048 2135 Daci
2077 2086 2186 2136 sive
2209 2086 2361 2137 Getae
2387 2095 2556 2137 trans-

1491 2163 1669 2212 ierint.
1756 2163 1941 2226 Steph.
1987 2162 2055 2213 de
2108 2164 2237 2214 Urb.
2292 2165 2343 2213 in
2405 2164 2554 2216 verb.

1491 2238 1647 2289 Δακία
1665 2238 1744 2290 καὶ
1763 2241 1870 2304 παρ’
1906 2241 2139 2292 Ἀττικοῖς
2159 2240 2211 2291 δὲ
2229 2240 2296 2292 τὰ
2315 2243 2414 2291 τῶν
2433 2240 2556 2291 οἶκε-

1488 2319 1589 2366 vair
1606 2314 1836 2379 ὀνόματα,
1858 2314 1979 2366 Δάοι
1998 2316 2076 2367 καὶ
2098 2314 2252 2367 Γέται.
2286 2318 2439 2367 Idem.

1562 2392 1756 2443 Teutria
1777 2394 2040 2457 appellata]
2073 2394 2318 2444 Straboni
2359 2393 2556 2456 pariter

1491 2468 1627 2525 duae,
1653 2470 1777 2518 etin
1793 2484 1970 2520 earnm
1992 2471 2157 2520 altera
2179 2469 2321 2520 Urbs
2337 2469 2556 2533 Ureum,

1490 2545 1645 2596 hodie
1668 2546 1869 2596 Bestia.
1904 2546 2075 2596 Doleo.

1560 2624 1741 2673 Contra
1773 2622 1970 2672 Sur-ium
2007 2622 2176 2686 bubum]
2222 2621 2404 2673 Codex
2442 2622 2556 2671 Sal·

1489 2698 1844 2763 manticensis,
1858 2700 2038 2749 Contra
2055 2699 2250 2750 Surium
2261 2700 2420 2749 Baro.
2453 2699 2556 2747 Το-

1490 2778 1713 2831 letanus,
1735 2775 1892 2840 Bova,
1916 2782 1973 2824 ut
2005 2774 2049 2823 si
2082 2774 2344 2840 proprium
2366 2786 2558 2824 nomen

1489 2852 1673 2900 insuloe
1696 2849 1856 2906 Βαυο,
1880 2864 1974 2900 seu
1995 2851 2149 2901 Bova.
2237 2849 2377 2901 Quid
2408 2850 2451 2898 si
2486 2850 2560 2898 le·

1490 2940 1603 2988 gas,
1637 2940 1741 2974 non
1762 2926 1895 2973 intra
1923 2924 2135 2988 Surium,
2169 2924 2262 2973 sed
2293 2926 2439 2981 inde3
2471 2923 2556 2973 vel

1489 3002 1605 3051 item
1642 3000 1963 3062 Tragurium?
1997 3014 2113 3050 nam
2148 2999 2457 3064 Tragurium
2502 3001 2555 3049 in

1491 3079 1590 3128 hoc
1623 3076 1739 3126 sinn
1790 3076 2124 3138 Ptolemoeus,
2159 3076 2367 3133 Strabo,
2399 3078 2567 3126 Pom-

1493 3153 1677 3215 ponius
1708 3151 1996 3202 celebrant.
2062 3153 2311 3216 Superius
2345 3153 2555 3218 quidem

1490 3227 1637 3280 facta
1662 3236 1743 3281 est
1762 3229 1958 3278 mentio
1996 3229 2253 3294 Tragurii,
2289 3230 2381 3279 sed
2421 3230 2555 3281 falso

1488 3306 1597 3356 illic
1637 3306 1845 3356 reddita
1879 3306 2129 3355 creditur.
2198 3305 2433 3355 Romana
2467 3320 2557 3355 ex·

1491 3383 1744 3447 emplaria
1788 3383 1987 3432 Banode
2029 3387 2196 3431 contro
2238 3382 2451 3439 Surium,
2494 3389 2556 3433 ut

1491 3459 1630 3509 forte
1674 3458 2002 3509 scribendum
2049 3458 2117 3507 sit
2163 3459 2327 3523 Bana,
2370 3459 2555 3516 Decon,

1493 3536 1799 3598 Tragurium.
1867 3535 2004 3584 Nam
2029 3537 2194 3583 contra
2211 3534 2407 3583 Surium
2428 3535 2554 3599 quid

1491 3614 1576 3669 sit,
1595 3627 1694 3676 ego
1716 3612 1874 3661 etiam
1898 3625 2014 3660 cum
2043 3610 2326 3659 Hermolao
2348 3611 2553 3661 nescire

1492 3703 1572 3738 me
1595 3688 1782 3738 fateor.
1819 3688 2035 3737 Pintian.

1559 3767 1630 3813 Et
1666 3779 1771 3813 cum
1799 3764 1967 3826 oppido
1991 3760 2201 3823 Pharia]
2234 3761 2552 3811 Ptolemaeus

1491 3857 1607 3891 cum
1633 3841 1822 3904 Plinio,
1848 3839 2060 3889 Pharia.-
2095 3847 2150 3888 at
2187 3838 2396 3901 Strabo,
2437 3839 2552 3888 Ste-

1497 3920 1713 3983 phanus,
1747 3916 2085 3979 Pomponius,
2124 3915 2396 3979 Polybius,
2419 3916 2551 3964 Pha-

1490 4011 1609 4053 rus,·
1659 3994 1825 4059 qualis
1869 3993 1957 4041 illa
2004 3990 2356 4052 Alexandriae,
2397 4006 2553 4055 quam

1492 4072 1775 4136 scriptores
1797 4083 1974 4119 omnes
1993 4067 2314 4130 famigerant.
2351 4067 2501 4115 Ideni.

1558 4146 1756 4209 Melita]
1789 4146 1979 4196 Melita
2018 4144 2242 4205 duplex3
2275 4144 2441 4192 altera
2474 4142 2551 4191 in-

1492 4232 1575 4276 ter
1596 4223 1830 4274 Africam
1856 4227 1909 4271 et
1929 4219 2180 4279 Siciliam,
2201 4225 2322 4266 ante
2343 4216 2550 4280 Pachy-

1492 4314 1614 4354 num
1642 4299 1831 4362 Malta,
1867 4311 1898 4345 a
1935 4309 2037 4361 quo
2065 4294 2256 4345 Strabo
2288 4292 2549 4347 Melitaeos
