3000 4917
2327 361 2501 427 4427

297 517 538 582 Antias
569 517 848 600 quidem
877 518 955 582 L.
989 519 1337 597 Crassum,
1384 518 1716 584 haeredem
1757 520 1841 585 L.
1888 516 2120 584 Crassi
2171 521 2499 596 oratoris:

294 620 507 705 multa
535 620 743 683 etiam
766 620 1056 684 triclinia
1086 626 1293 685 aerata
1315 618 1716 684 vendidisse.
1805 619 1915 683 Ex
1945 638 2076 684 aere
2100 618 2497 685 factitavere

294 725 357 784 et
385 717 733 798 cortina8,‘
778 722 1116 805 tripodum
1160 722 1426 785 nomine
1479 721 1880 803 DelphicaS‚
1932 722 2246 803 quoniam
2305 721 2497 785 donis

293 823 587 886 maxime
623 822 978 904 Apollinis
1013 823 1337 907 Delphici
1368 822 1779 887 dicabantur.
1868 822 2196 886 Placuere
2226 821 2497 906 etlych—

288 923 537 986 nuchiss
581 924 876 1008 pensiles
905 926 974 989 in
1001 925 1321 1003 delubris»,
1358 930 1472 989 aut
1519 926 1826 989 arborum
1847 932 1866 962 ¹
1912 923 2117 989 modo
2172 923 2356 987 mala
2400 922 2490 987 fe·

289 1023 583 1088 rentium
608 1025 909 1089 lucentes
937 1026 1220 1109 :qualis
1271 1032 1375 1089 est
1425 1026 1496 1089 in
1544 1027 1792 1109 templo
1843 1024 2187 1108 Apollinis
2236 1023 2497 1089 Palati·

286 1121 406 1201 ni‚¹²
453 1126 643 1209 quod
701 1124 1099 1210 Alexander
1160 1126 1454 1209 Magnus
1520 1126 1909 1192 Thebarum
1987 1127 2495 1211 expugnatione

288 1231 564 1310 captum
596 1229 663 1291 in
689 1227 899 1311 Cyme
932 1228 1280 1293 dicaverat
1309 1229 1525 1294 eidem
1564 1231 1737 1294 Deo.

374 1343 493 1391 lx.
525 1326 696 1412 (ιν.)
720 1328 1020 1393 Transiit
1042 1329 1277 1394 deinde
1296 1349 1403 1394 ars
1422 1332 1672 1414 ubique
1693 1331 1893 1413 vulgo
1914 1331 2004 1394 ad
2033 1329 2280 1413 effigies
2314 1321 2494 1397 Deo-

284 1446 455 1491 rum.
549 1428 796 1495 Romae
831 1431 1265 1496 simulacrum
1307 1450 1393 1496 ex
1447 1452 1585 1497 aere
1640 1433 1886 1498 sactum
1928 1432 2157 1497 Cereri
2204 1433 2495 1517 primum

285 1530 554 1613 reperio
606 1551 698 1596 ex
743 1532 1010 1617 peculio
1037 1532 1158 1616 Sp.
1189 1530 1462 1612 Cassii‚¹
1508 1553 1704 1617 quem
1744 1552 2019 1616 regnum
2074 1533 2493 1600 affectantem

862 373 1034 423 ΝΑΤ.
1082 372 1282 423 msr.
1333 374 1477 424 mn.
1528 374 1819 424 xxxw.
1858 360 1925 425 9.

1211 1694 1363 1716 ΜΝ
1369 1696 1551 1719 NON&

344 1811 486 1860 Cu».
509 1824 634 1860 vm.
702 1816 724 1859 1
764 1811 913 1862 Mad
943 1812 1053 1861 chui
1083 1827 1216 1875 pens.
1236 1815 1288 1863 in
1310 1816 1401 1864 del.
1436 1814 1673 1867 arborum.
1734 1814 1923 1864 Vet.et
1943 1811 2045 1862 urb.
2065 1813 2190 1862 mod.
2216 1810 2398 1871 mser.
2419 1813 2492 1863 lu·

282 1886 436 1924 cerum
451 1891 470 1925 .·
495 1882 550 1926 et
568 1891 706 1941 mox,
725 1890 866 1940 quum
939 1878 1035 1927 lex.
1055 1880 1137 1941 ξε.
1155 1879 1377 1943 captam.'
1410 1881 1600 1931 Dalec.

1294 2026 1511 2078 NOTAE

280 2116 447 2168 lectos
473 2124 684 2180 aeratos‚
704 2126 904 2169 vestem
929 2120 1210 2184 stragulam
1236 2136 1353 2185 pre·
1428 2101 1821 2174 Asanamcvm.
1844 2136 2010 2174 oum.
2028 2134 2221 2172 cvmv.
2238 2132 2490 2170 exomm-

281 2192 488 2254 ssusam,
507 2196 905 2257 ...monopodia,
936 2205 994 2247 et
1024 2197 1211 2248 abacos
1252 2199 1353 2249 Ro·

279 2282 415 2318 mam
440 2269 804 2333 advexerunt,'
827 2275 931 2323 dre.

339 2352 363 2378 θ
395 2345 463 2393 L.
497 2346 664 2396 Crassi
688 2348 937 2412 Omturis]
972 2349 1058 2399 De
1096 2364 1198 2414 quo
1220 2350 1353 2400 dixi-

277 2434 392 2470 mus
431 2435 599 2472 xvm.
644 2426 693 2473 8.
747 2424 802 2473 Is
835 2424 1089 2474 Licinium
1114 2426 1353 2477 Crassum

276 2495 578 2560 Scipionem
611 2513 680 2547 ex
713 2498 827 2549 filia
867 2508 1110 2562 nepotem
1135 2504 1353 2567 adopta-

277 2571 373 2635 vit,
389 2572 759 2637 haeredemque
773 2576 1015 2637 instituit,
1034 2577 1199 2626 virum
1215 2593 1352 2629 snm·

276 2660 359 2695 mo
382 2649 614 2713 iugenio,
634 2658 773 2700 teste
796 2652 968 2702 Tullio
991 2654 1041 2701 iu
1065 2654 1251 2705 Bruto.

341 2721 360 2756 s
392 2726 465 2773 Et
506 2726 744 2790 cortinas]
787 2728 1053 2778 Certinam
1099 2732 1194 2779 hoc
1237 2732 1351 2781 loco

277 2812 510 2849 mensam
557 2801 982 2864 interpretamur,
1011 2819 1128 2868 qum
1167 2806 1351 2868 pocula

276 2876 581 2933 sustineret,
606 2877 691 2926 cui
732 2878 1008 2941 Delphicae
1048 2893 1239 2929 nomen
1283 2895 1350 2930 ex

277 2962 340 2998 eo
361 2951 502 3014 quod
531 2952 712 3002 similis
752 2960 894 3005 esset
916 2968 1110 3005 mensas
1134 2956 1229 3020 illi,
1263 2957 1349 3007 cui

278 3025 499 3090 Delphis
537 3028 797 3079 insidebat
818 3030 1010 3094 Pythia
1041 3033 1250 3081 oracula
1271 3032 1347 3083 fa·

278 3101 435 3153 ciens.
512 3105 684 3154 Vetus
735 3106 996 3169 interpres
1047 3107 1255 3157 Horatii
1294 3110 1346 3159 in

276 3177 404 3227 illud
427 3193 467 3227 ι.
487 3179 599 3230 Sat.
625 3184 675 3229 6.
717 3181 733 3208 ‘
755 3182 827 3230 Et
850 3182 984 3245 lapis
1008 3183 1155 3233 albus
1179 3185 1348 3236 Pocu-

275 3253 328 3302 la
348 3268 464 3304 cum
484 3256 678 3319 cyatho
701 3256 805 3306 duo
829 3258 1088 3309 sustinet.’
1120 3259 1137 3287 ‘
1156 3261 1349 3325 Lapis:

277 3327 459 3393 inquit,
484 3333 502 3360 ⁸
523 3346 702 3381 mensa
727 3347 1034 3393 marmorea,
1054 3350 1201 3401 quam
1222 3339 1345 3387 Del·

276 3404 476 3467 phicam
516 3406 746 3457 vocant.'
837 3409 1089 3475 Abacum,
1132 3413 1345 3476 Delphi-

218 3526 232 3540 ,
277 3493 385 3530 cam
420 3481 630 3532 Glossae
667 3483 948 3535 Philoxeni
983 3488 1268 3551 appellant,
1289 3497 1345 3539 et

274 3556 577 3622 μυιστέριον,
619 3558 755 3621 quod
813 3574 879 3608 ex
933 3575 995 3609 ea
1046 3564 1344 3625 poculorum

275 3646 448 3683 mensa
491 3633 726 3683 convivis
769 3635 1145 3687 ministrarent.
1214 3639 1344 3702 Ety-

276 3710 539 3774 mologus:
593 3710 830 3773 Δελφικὰ,
871 3711 959 3760 τὸν
994 3712 1193 3777 τρίποδα
1234 3716 1343 3764 Ῥω-

274 3786 413 3843 μαῖοι,
449 3784 556 3835 ἐπεὶ
589 3789 776 3849 πρῶτον
808 3787 861 3836 ἐν
882 3791 1093 3851 Δελφοῖς
1126 3790 1343 3852 γέγονεν.

276 3860 531 3910 Nimirum
577 3864 741 3925 primo
790 3864 1069 3928 Delphicas
1115 3868 1343 3931 Delphis

264 3933 497 3987 fiebant:
537 3944 824 4002 posteaque
860 3939 1029 4002 quivis
1062 3937 1206 3991 abaci
1230 3942 1343 4005 ejus

273 4008 452 4061 formae
476 4012 530 4060 id
553 4027 742 4062 nomen
771 4013 1021 4064 habuere.
1074 4017 1340 4067 Martialis

274 4099 372 4135 ιιι.
393 4092 477 4136 67.
509 4089 525 4117 ‘
543 4086 838 4152 Argentum
852 4095 1011 4154 atque
1029 4105 1209 4142 aurum
1233 4107 1336 4143 non

274 4163 491 4226 simplex
507 4164 770 4228 Delphica
787 4165 999 4229 portat.'
1063 4166 1342 4234 Gruterus,

276 4254 388 4305 pag.
409 4245 558 4292 1115.
583 4254 651 4298 ex
670 4241 974 4296 Sirmondo:
998 4256 1338 4298 asumma.

1425 2212 1552 2248 ‘rAE-
1604 2201 1692 2249 De
1714 2199 1990 2263 Delphicis
2013 2198 2177 2247 multa
2202 2196 2493 2258 Procopius

1426 2275 1479 2324 in
1507 2275 1732 2325 Vandal.
1752 2275 1840 2324 lib.
1879 2288 1917 2323 ῐ.
1941 2272 2313 2337 Acceptioueru
2338 2273 2493 2320 aliam

1427 2351 1540 2415 ejus
1565 2352 1706 2401 vocis
1729 2350 1850 2398 vide
1884 2349 2019 2413 apud
2043 2350 2110 2399 V.
2141 2348 2220 2399 Cl.
2245 2348 2495 2396 Du·Can·

1428 2427 1591 2489 gium,
1644 2427 1696 2476 in
1753 2424 1906 2475 Notis
1958 2423 2024 2472 ad
2082 2421 2327 2472 Alexiad.
2369 2435 2492 2484 pag.

1425 2504 1543 2549 411.

1490 2584 1519 2620 s
1550 2574 1852 2639 Lychnuchi]
1885 2572 2174 2634 Λυχνοῦχοι,
2193 2570 2492 2622 candelabra.

1426 2650 1497 2699 Et
1530 2651 1643 2700 baec
1663 2650 1971 2714 Tranquillo
2010 2663 2214 2713 quoque
2242 2656 2491 2712 usurpata

1425 2739 1527 2775 vox
1558 2726 1613 2775 in
1634 2725 1793 2787 sulio,
1828 2740 1944 2788 cap.
1969 2729 2050 2774 3⁷.
2106 2725 2346 2774 Meminit
2368 2739 2491 2775 can·

1426 2800 1626 2850 delabri
1665 2801 1983 2863 Euphorion,
2007 2801 2143 2863 apud
2173 2798 2363 2848 Athen.
2398 2799 2491 2849 lib.

1427 2890 1524 2927 xv.
1549 2892 1667 2941 pag.
1689 2881 1806 2926 700.
1828 2876 1881 2925 in
1901 2890 2001 2940 quo
2024 2881 2095 2924 tot
2114 2877 2318 2923 lucerne
2338 2875 2490 2925 arde-

1423 2959 1561 3017 rent,
1582 2950 1756 3015 λύχνοι
1782 2952 2019 3007 τοσοῦτοι,
2055 2959 2183 3015 quot
2218 2950 2329 3001 dies
2368 2953 2489 3003 anni

1423 3037 1565 3079 sunt.

1487 3103 1515 3137 ¹¹
1547 3104 1786 3166 Apollinis
1811 3100 2053 3164 Palatini]
2087 3102 2238 3154 Quod
2277 3101 2345 3151 ab
2379 3101 2488 3152 Au·

1423 3187 1575 3243 gusto
1599 3179 1915 3237 dedicatum,
1939 3192 2071 3227 anno
2093 3191 2355 3229 nccxxvr.
2374 3180 2486 3243 ipso

1422 3263 1650 3319 sextum,
1686 3263 1740 3304 et
1775 3256 1853 3305 M.
1875 3254 2112 3317 Agrippa
2147 3255 2294 3305 Coss.
2327 3257 2489 3308 Trau-

1422 3332 1611 3398 qnillus
1635 3333 1688 3380 in
1723 3329 1984 3395 Augusto,
2005 3345 2055 3380 c.
2087 3334 2169 3381 29.
2203 3331 2266 3380 Ρ.
2290 3331 2491 3395 Victor,

1423 3408 1476 3458 in
1520 3408 1782 3471 Descript.
1827 3407 2029 3467 Roma,
2070 3408 2281 3470 regione
2327 3409 2487 3458 Urbis

1423 3485 1654 3534 decima:
1691 3490 1706 3512 ⁸
1726 3482 1879 3532 AEdes
1903 3482 2183 3546 Apollinis,
2205 3483 2289 3531 ubi
2311 3484 2485 3547 lychni

1422 3559 1720 3625 pendebant
1740 3559 1906 3609 instar
1941 3558 2136 3608 arboris
2157 3559 2293 3607 mala
2312 3557 2485 3608 feren·

1420 3636 1532 3687 tis.'

1485 3711 1500 3745 ¹
1532 3710 1616 3774 Sp.
1652 3707 1835 3771 Cassii]
1870 3707 1924 3757 Is
1959 3721 2172 3770 regnum
2211 3703 2482 3764 affectans,

1420 3788 1508 3838 ubi
1535 3789 1753 3851 primum
1772 3784 2082 3848 magistratu
2105 3782 2252 3844 abiit,
2270 3781 2479 3834 damua-

1421 3872 1529 3926 tus,
1569 3871 1888 3926 necatusque
1916 3866 2016 3909 est.
2083 3857 2099 3884 ‘
2118 3858 2248 3907 Sunt
2279 3859 2367 3923 qui
2391 3876 2482 3923 pa.

1422 3949 1557 3990 trem
1584 3945 1846 3987 auctorem
1881 3936 1991 3998 ejus
2015 3934 2254 3996 supplicii
2275 3933 2487 3998 ferant,'

1414 4015 1591 4081 ,inquit
1615 4013 1790 4062 Livius
1813 4011 1904 4060 lib.
1927 4022 1990 4059 n.
2015 4024 2065 4074 p.
2088 4013 2170 4062 35.
2190 4008 2207 4036 ‘
2224 4024 2341 4070 eum
2359 4025 2480 4075 cog-

1423 4091 1537 4140 nita
1558 4089 1697 4138 domi
1718 4100 1873 4136 causa
1897 4086 2196 4135 verberasse
2219 4100 2281 4139 ac
2301 4101 2483 4142 necas·

1422 4181 1510 4228 βας
1544 4163 1908 4229 peculiumque
1947 4160 2037 4210 filii
2080 4162 2257 4211 Cereri
2303 4177 2479 4215 couse-

1422 4243 1676 4305 cravisse3
1698 4240 1893 4305 signum
1917 4238 2036 4290 inde
2054 4235 2250 4289 factum
2269 4233 2401 4306 esse,
2420 4248 2477 4296 et
