3000 4917
448 355 625 465 4922ι
1426 364 1679 414 mnax

449 514 540 563 lib.
564 527 604 563 1.
614 527 682 576 p.
704 517 754 562 6.
809 511 899 560 Ex
914 508 1167 561 Dieuchis
1199 507 1597 559 Commentariis
1632 506 1700 557 de
1741 505 1986 572 parandis
2018 506 2279 557 alimentis
2303 507 2476 557 multa
2497 503 2666 557 refert

454 595 729 645 Oribasius
751 592 841 642 lib.
864 606 942 642 iv.
964 606 1018 655 p.
1039 595 1131 640 60.
1145 597 1203 641 et
1225 590 1345 640 alibi
1371 589 1583 653 passim.

520 675 655 725 Dino
677 672 931 723 Clitarchi
953 681 1122 734 pater,
1140 671 1371 735 nepam
1393 669 1722 735 rmum-elas
1756 668 2051 728 historicus,
2085 668 2238 733 cujus
2269 667 2511 716 historiae
2533 667 2670 716 liber

456 757 666 821 quintus
702 755 769 804 ab
805 754 1059 803 Athenaeo
1091 753 1336 803 laudator
1367 751 1617 803 lib.1111.
1655 764 1776 815 pag.
1805 753 1997 799 609.οῑ
2017 764 2049 799 a
2074 747 2319 798 Laertio
2305 762 2358 797 m
2379 747 2669 812 Prooemio,

455 852 575 900 pag.
592 842 648 892 2.

521 918 716 967 Diocles
735 916 972 979 Medicus,
996 913 1133 969 idem
1159 913 1374 964 Diocles
1401 912 1693 978 Carystius,
1715 927 1745 962 a
1768 912 1956 976 patria,
1974 910 2186 961 Euboeae
2205 909 2404 974 oppido
2428 909 2673 972 Carysto,

458 998 752 1061 appellatus
774 1010 935 1046 xxvi.
957 1001 1007 1045 6.
1071 995 1505 1059 Medicorumque
1541 993 1801 1043 secundus
1834 1000 1956 1057 post
1991 992 2378 1055 Hippocratem
2415 997 2582 1040 oetate
2603 1005 2673 1045 ac

457 1078 613 1128 fama.
674 1077 939 1143 Hesychio
963 1077 1017 1125 in
1041 1075 1383 1138 Σνγκομιστδς,
1424 1091 1475 1138 p.
1512 1079 1627 1125 8⁷3.
1662 1074 1872 1132 Διοκλῆς
1901 1074 1931 1122 ὃ
1958 1070 2133 1136 ἰατρός.
2169 1072 2379 1121 Citatur
2402 1071 2542 1119 liber
2563 1070 2675 1133 eJas

461 1159 526 1208 dc
550 1159 629 1208 Re
653 1158 913 1208 Herbaria
931 1171 962 1205 a
982 1156 1273 1206 Scholiaste
1300 1155 1575 1217 Nicandri,
1595 1156 1650 1205 in
1670 1154 1907 1205 Theriac.
1929 1169 1983 1218 p.
2004 1157 2087 1204 80.
2120 1153 2330 1212 Διοκλῆς
2352 1151 2406 1201 ἐν
2437 1153 2512 1216 ’νᾷ
2529 1149 2679 1228 {1³:33-

459 1240 658 1299 τομικῷ.
693 1237 778 1286 Ab
801 1236 1051 1287 Oribasio
1073 1249 1150 1285 ιν.
1172 1241 1223 1285 8.
1243 1250 1296 1299 p.
1315 1239 1400 1285 48.
1425 1235 1558 1285 liber
1579 1235 2035 1285 dealimentorum
2058 1235 2462 1298 praeparatione.
2497 1233 2546 1282 A
2566 1233 2676 1284 Ga·

463 1322 580 1368 leno
602 1319 670 1367 de
692 1318 823 1368 locis
842 1315 1062 1380 affectis,
1086 1330 1173 1367 ιιι.
1199 1319 1280 1366 10.
1304 1332 1354 1379 p.
1375 1320 1490 1366 441.
1516 1323 1641 1366 tom.
1665 1320 1714 1365 7.
1735 1323 1793 1364 et
1823 1331 1855 1364 a
1892 1316 2055 1365 Caelio
2087 1314 2271 1365 Aurel.
2308 1315 2507 1364 Chron.
2544 1327 2593 1364 .ι.
2622 1318 2677 1363 4.

462 1401 596 1449 liber
630 1399 698 1448 de
724 1398 1050 1462 passionibus
1073 1403 1128 1447 et
1157 1397 1529 1448 curationibus.
1580 1397 1668 1447 Ab
1690 1397 1947 1447 Atheuoeo
1966 1396 2059 1446 lib.
2081 1411 2173 1446 ιιι.
2198 1411 2251 1459 p.
2271 1399 2387 1445 110.
2405 1394 2549 1443 liber
2569 1394 2678 1458 pri-

464 1495 575 1530 mus
598 1480 663 1529 de
685 1479 900 1529 Tuenda
916 1478 1262 1528 Valetudiner
1306 1477 1396 1527 lib.
1415 1491 1516 1527 vu.
1539 1492 1593 1541 p.
1615 1481 1731 1528 820.
1781 1477 2039 1538 Ὗγιεινὸν,
2076 1478 2187 1526 sive
2208 1475 2506 1531 Salubritas,
2541 1475 2676 1535 liner

464 1562 660 1623 primus
686 1561 750 1610 ad
776 1560 1137 1609 Plistarchum.
1184 1560 1255 1608 Et
1273 1559 1309 1609 l.
1329 1571 1426 1608 xv.
1449 1574 1500 1620 p.
1524 1562 1641 1608 681.
1662 1556 1767 1619 περὶ
1786 1557 2054 1618 θανασίμων
2072 1556 2349 1622 cappulam,
2372 1559 2433 1606 dc
2458 1557 2679 1606 Modica·

462 1641 636 1690 mentis
656 1641 916 1691 Letalibas.
951 1639 1034 1689 Ab
1058 1640 1309 1690 Erotiano
1332 1640 1386 1688 in
1409 1638 1751 1689 Onomastico
1776 1653 1958 1688 vocum
1982 1639 2242 1702 Hippoer.
2265 1645 2409 1688 tomo
2435 1650 2526 1687 ιιι.
2550 1653 2680 1701 ope·

466 1736 576 1771 rum
595 1723 803 1778 Galeni,
827 1736 882 1785 p.
909 1725 1018 1770 110.
1041 1721 1173 1770 liber
1197 1719 1321 1770 κατὰ
1339 1718 1399 1769 τὸ
1419 1718 1642 1784 ina-prior,
1668 1722 1727 1770 de
1749 1720 1955 1787 Officium
1980 1719 2219 1769 Medendi.
2282 1718 2368 1768 Ab
2389 1718 2510 1768 aliis
2532 1717 2679 1767 deni-

465 1816 566 1867 que
590 1803 699 1853 alii.
762 1804 926 1853 Extat
961 1803 1156 1852 Dioclis
1187 1802 1415 1866 Carystii
1439 1803 1676 1867 Epistola
1699 1801 1766 1851 ad
1789 1802 2106 1865 Antigonum
2133 1801 2353 1862 Regem,
2378 1799 2447 1849 de
2471 1799 2682 1849 morbo·

467 1894 580 1932 rum
618 1883 906 1947 praesa‘giis,
928 1891 983 1932 et
1016 1884 1434 1948 extemporaneis
1475 1883 1714 1932 remediis
1738 1896 1833 1947 per
1856 1883 2139 1944 hortensia,
2159 1883 2351 1932 Latine
2376 1881 2591 1930 reddita
2613 1882 2681 1930 ab

467 1963 699 2015 Antonio
723 1963 954 2014 Mizaldo
973 1965 1208 2026 Medico,
1229 1964 1398 2014 Paris.
1419 1964 1561 2028 apud
1583 1964 1774 2015 Peder.
1796 1964 2096 2025 Morellum,
2122 1966 2269 2013 1673.
2306 1962 2510 2012 Dioclis
2535 1961 2678 2026 frag-

467 2052 699 2095 mentum
721 2043 921 2108 insigne
945 2052 1096 2095 extat
1117 2045 1254 2108 apud
1279 2045 1540 2095 Galeuum
1562 2046 1627 2095 de
1652 2045 1856 2095 Facult.
1880 2046 2043 2107 Simp.
2065 2043 2263 2093 Medic.
2285 2056 2352 2094 ιι.
2373 2048 2424 2092 6.
2446 2047 2603 2106 p-ssd.
2619 2051 2684 2092 ct

469 2129 550 2174 36.
583 2140 658 2175 ex
693 2139 756 2175 eo
788 2138 966 2189 opere,
998 2127 1084 2175 cui
1119 2125 1422 2176 Archidami
1460 2139 1649 2176 nomen
1685 2125 2046 2190 inscripserat.
2109 2125 2259 2174 Inter
2290 2123 2682 2188 priscos-maxi·

471 2220 686 2271 mosque
708 2206 934 2256 medicos
958 2205 1118 2256 fuisse
1144 2207 1406 2271 Dioclem,
1427 2208 1608 2259 Celsus
1628 2206 1723 2265 ait,
1746 2220 1824 2257 vr.
1844 2211 1895 2255 6.

535 2287 780 2336 Diodorus
812 2287 1080 2337 Priamus.
1132 2287 1294 2338 Hunc
1334 2287 1434 2350 sibi
1474 2289 1711 2352 inprimis
1734 2288 2022 2337 vindicasse
2045 2284 2430 2350 agricolationis
2452 2285 2682 2349 prudeu-

472 2368 616 2431 tiam,
637 2367 712 2417 ait
735 2368 1024 2417 Columella
1046 2382 1089 2418 ι.
1112 2372 1160 2419 l.
1197 2369 1416 2419 Varroni
1441 2369 1639 2432 pariter
1670 2375 1727 2419 et
1761 2369 2058 2420 Columellas
2094 2364 2234 2416 iuter
2265 2368 2558 2430 scriptores
2581 2367 2682 2416 Rei

473 2449 698 2499 Rustica
723 2458 1110 2499 annumeratur.
1177 2450 1395 2500 Diodori
1435 2450 1755 2513 Pericgetae,
1786 2448 2005 2513 ejusque
2042 2449 2214 2512 operis
2245 2450 2306 2497 de
2326 2447 2682 2510 Nausimenis,

472 2529 577 2594 περὶ
594 2529 864 2590 μνημάτων,
887 2531 1121 2580 meminit
1141 2530 1460 2582 Plutarchus
1480 2532 1534 2581 in
1554 2530 1806 2580 Themist.
1827 2545 1880 2594 p.
1907 2534 2025 2579 128.

540 2613 556 2639 ‘
580 2611 1192 2677 Diodorus-Syracusanus.
1228 2612 1435 2663 Citatur
1456 2614 1511 2663 ln
1535 2613 1719 2662 Iudice
1741 2611 1832 2660 lib.
1857 2625 1945 2660 ιιι.
1968 2618 2023 2659 et
2044 2624 2097 2659 v.
2152 2610 2218 2660 Iu
2240 2616 2353 2660 toto
2376 2624 2550 2673 opere
2566 2623 2682 2658 uus·

473 2704 626 2756 quam
649 2701 888 2756 apparet.
942 2692 1016 2754 Is,
1039 2693 1186 2756 cujus
1209 2693 1590 2744 Bibliothecam
1610 2693 1934 2743 Historicam
1958 2691 2225 2754 habemus,
2242 2690 2426 2739 nullibi
2447 2705 2504 2739 se
2527 2690 2684 2753 Syra·

475 2778 930 2821 cosanumvocat:
965 2771 1120 2820 immo
1140 2772 1234 2820 lib.
1253 2785 1293 2820 1.
1314 2788 1368 2837 p.
1391 2778 1442 2822 6.
1476 2773 1736 2837 Agyrium
1772 2771 1871 2822 sibi
1911 2772 2078 2821 solum
2114 2772 2292 2820 natale
2327 2771 2458 2820 dicit
2482 2769 2682 2820 fuisse:

476 2850 609 2911 ἡμεῖς
628 2850 725 2912 ’γὰρ
743 2851 792 2913 ἐξ
811 2850 1035 2913 Ἀγυρίου
1049 2853 1139 2910 riis
1160 2851 1381 2903 Σικελίας
1400 2851 1569 2902 bures?
1605 2853 1700 2902 Ed.
1720 2867 1816 2902 sec.

542 2931 780 2982 Diodotus
816 2933 1091 2982 Petronius.
1138 2933 1322 2983 Utrius
1361 2933 1683 2997 potissimum
1724 2932 2026 2984 auctoritati
2055 2931 2294 2982 standum
2332 2932 2404 2982 sit
2433 2932 2505 2981 de
2529 2932 2684 2996 hujus

476 3014 747 3077 scriptoris
769 3013 1139 3076 appellatione,
1159 3027 1225 3062 an
1249 3014 1574 3063 Dioscuridis
1595 3014 1683 3078 qui
1706 3013 1989 3063 Diodotum
2012 3014 2240 3077 sejunxit
2255 3028 2287 3062 a
2310 3012 2586 3077 Petronio,
2611 3012 2687 3062 di-

475 3108 752 3157 versosque
774 3094 1056 3156 scriptores
1073 3094 1411 3157 existimavit,
1444 3094 1672 3143 Pliniine
1695 3096 1867 3158 potius
1889 3094 1976 3159 qui
2004 3095 2147 3160 quasi
2179 3094 2359 3142 dedita
2379 3107 2546 3156 opera
2568 3095 2684 3143 haec

479 3176 580 3224 duo
615 3176 824 3225 nomina
859 3181 969 3223 tum
1004 3175 1056 3223 iu
1091 3175 1297 3238 Indice,
1337 3183 1446 3225 tum
1479 3188 1579 3225 xx.
1613 3179 1696 3225 32.
1721 3183 1779 3225 et
1801 3188 1938 3225 xxv.
1958 3179 2042 3226 64.
2064 3174 2385 3237 conjunctim
2412 3174 2563 3239 legit,
2586 3188 2687 3224 nec

480 3256 576 3304 nisi
599 3257 807 3304 unicum
831 3253 1138 3318 scriptorem
1161 3254 1241 3304 his
1264 3254 1460 3304 duobus
1482 3254 1778 3304 nominibus
1815 3255 2181 3318 repraesentari
2205 3261 2380 3317 putat,
2400 3255 2540 3304 baud
2563 3269 2684 3318 pro·

479 3336 612 3385 clive
638 3342 719 3384 est
740 3340 990 3384 statuere.
1058 3334 1409 3385 Dioscoridem
1432 3342 1646 3384 secutus
1680 3341 1765 3384 est
1797 3349 1923 3384 sane
1958 3335 2298 3398 Epiphanius,
2321 3334 2440 3384 adv.
2469 3335 2619 3386 Haer.
2646 3350 2686 3384 1.

482 3422 532 3466 3.
562 3417 652 3466 sed
688 3416 1077 3478 transcripturis
1100 3421 1300 3465 tantum
1323 3429 1537 3465 munere
1576 3415 1649 3466 ibi
1681 3415 2005 3479 perfunctus,
2026 3430 2129 3464 non
2153 3416 2323 3466 critici
2349 3417 2432 3465 vel
2448 3416 2651 3479 judicis
2667 3433 2684 3467 ε

481 3496 753 3560 Πετρώνως,
775 3495 963 3558 inquit,
982 3493 1152 3557 Νίγερ,
1167 3495 1245 3544 καὶ
1265 3494 1508 3558 Aulam-w,
1540 3501 1596 3544 et
1618 3510 1735 3560 quae
1758 3502 2059 3559 sequuntur,
2077 3510 2193 3544 cum
2217 3496 2549 3547 Dioscorida.
2610 3499 2689 3547 Ut

481 3585 540 3626 ut
560 3587 659 3632 est,
675 3573 1098 3639 Ἀνθολογούμσνα,
1120 3576 1216 3624 hoc
1240 3583 1344 3632 est,
1365 3575 1649 3638 Florilegia,
1670 3575 1938 3639 scripsisse
1964 3575 2221 3625 Diodotus
2241 3591 2270 3623 a
2297 3577 2471 3626 Plinio
2493 3577 2686 3627 dicitur

485 3671 584 3709 xx.
607 3662 692 3709 32.
714 3655 985 3720 Ἔμπειρικὰ
1004 3670 1052 3706 ο.
1075 3660 1159 3705 48.

554 3728 843 3800 Diognetus}
873 3737 1128 3786 Itioerum
1166 3735 1455 3787 Alexandri
1491 3735 1754 3787 dimensor
1789 3738 2085 3801 appellatus
2108 3752 2140 3786 a
2162 3737 2339 3787 Plinio
2360 3751 2440 3788 vr.
2459 3742 2544 3789 21.
2566 3753 2685 3788 cum

485 3819 724 3881 Boetone,
745 3833 847 3881 quo
870 3819 936 3867 de
959 3826 1115 3867 antea
1138 3819 1352 3882 egimus.

550 3899 684 3947 Dion
708 3898 1038 3961 Colophonius.
1087 3897 1256 3948 Varro
1277 3907 1334 3948 et
1368 3899 1657 3949 Columella
1675 3911 1713 3951 1.
1741 3902 1787 3949 1.
1813 3898 1951 3948 inter
1967 3900 2246 3962 scriptores
2271 3898 2336 3947 de
2360 3899 2440 3948 Re
2468 3899 2684 3950 Rustica

485 3979 640 4042 hujus
661 3980 957 4027 meminere.
1865 3994 1870 3999 ·

500 4078 505 4083 ·
555 4059 834 4120 Dionysias,
857 4058 922 4106 de
944 4072 1047 4123 quo
1070 4059 1272 4108 Plinius
1295 4061 1346 4109 in
1363 4059 1547 4109 Iudice
1567 4060 1660 4110 lib.
1682 4074 1760 4111 lv.
1811 4059 1933 4108 Non
1966 4059 2054 4108 ille
2075 4059 2386 4123 Periegetes
2409 4066 2491 4109 est
2508 4060 2682 4125 qni-ab

490 4144 649 4201 o'pere
671 4152 858 4187 nomeu
882 4139 1104 4202 accepit,
1128 4138 1367 4205 idemque
1390 4141 1630 4204 apuria,
1667 4155 1784 4205 quas
1808 4139 2127 4191 Alexandria
2147 4140 2430 4205 (Susiauoe,
2459 4155 2567 4190 non
2600 4140 2682 4190 ΛΕ-
2755 4198 2762 4203 ,

496 4214 668 4286 gypti)
692 4216 1072 4270 Alexandrinus
1095 4219 1264 4271 dictus
1287 4228 1403 4282 est3
1435 4223 1480 4272 is
1519 4223 1655 4272 euim
1678 4220 1903 4286 Augusti
1923 4220 2218 4286 principatu
2250 4219 2448 4285 floruit,
2468 4221 2522 4271 id
2548 4221 2682 4286 quod
