3000 4917
460 318 664 423 ,4906
1462 340 1710 390 mmzx

486 483 595 532 sive
615 482 844 546 Lindia-a,
862 481 969 547 (sic
991 482 1127 531 enim
1151 482 1472 548 inscripsisse
1507 484 1696 535 librum
1718 485 1762 535 is
1784 482 2040 551 videtum)
2062 487 2294 538 citantur
2315 488 2382 542 ab
2405 489 2700 556 Epiphanio

488 562 692 613 advers.
715 563 921 613 Haeres.
946 576 986 612 ι.
1004 567 1088 612 34.
1110 578 1161 628 p.
1182 568 1298 614 232.
1362 565 1498 616 Item
1522 566 1589 615 ab
1609 565 1818 616 Irenoeo
1837 567 2087 619 adversus
2106 570 2346 620 Marcum
2372 585 2412 620 1.
2431 575 2484 620 8.
2508 587 2561 635 p.
2584 576 2669 621 68.

551 644 931 699 Anaximander,
968 645 1154 694 Patria
1182 645 1437 708 Milesius,
1475 644 1711 697 Thaletis
1748 646 2056 712 discipulas,
2100 650 2436 714 Xenophonti
2482 653 2699 716 aequalis
2801 629 2814 640 ⁸

483 722 604 772 fnit.
669 724 826 773 Hunc
844 722 1036 774 Strabo
1060 725 1278 788 primum
1301 726 1539 777 extitisse
1563 726 1636 777 sit
1653 726 1750 778 lib.
1774 741 1816 778 ι.
1839 740 1894 792 p.
1917 733 1967 780 7.
1982 729 2072 793 qni
2093 730 2240 781 orbis
2261 732 2419 783 situm
2440 731 2496 780 in
2520 732 2699 782 tabula

484 804 838 868 descripserit.
898 804 1048 854 Idem
1089 812 1314 855 testatur
1356 814 1414 856 et
1456 805 1843 870 Agathemerns
1878 808 2080 873 Geogr.
2115 824 2157 859 ι.
2192 815 2241 860 1.
2280 825 2335 874 p.
2377 816 2425 861 1.
2484 810 2698 862 Obiisse

485 883 700 949 Olymp.
736 897 899 935 ινιιι.
932 892 1117 936 auctor
1142 895 1231 937 est
1260 886 1609 951 Apollodorus
1647 888 1699 938 in
1742 889 2033 954 chronicis,
2056 890 2196 954 apud
2221 890 2399 942 Laert-
2431 906 2485 957 p.
2524 896 2613 943 38.
2640 894 2697 942 in

482 963 889 1015 Anaximandro.
957 967 1121 1016 Plura
1137 966 1205 1017 de
1225 982 1290 1018 eo
1311 967 1546 1018 dicemus
1570 983 1636 1018 ιι.
1660 973 1745 1019 78.
2059 1012 2066 1019 .

545 1046 887 1099 Anaximenes.
953 1048 1292 1110 Lampsacum
1337 1050 1388 1099 ei
1430 1050 1602 1112 patria
1643 1049 1777 1100 suita
1825 1051 2088 1115 magister,
2130 1050 2397 1116 Diogenes
2443 1052 2694 1115 Cynicus.

481 1125 880 1177 Rhetoricorum
927 1127 1194 1191 librorum,
1238 1130 1327 1194 qui
1369 1130 1649 1180 Aristoteli
1686 1131 1840 1194 vulgo
1883 1131 2205 1193 tribuuntur,
2242 1140 2514 1182 auctorem
2555 1134 2695 1184 huuc

479 1205 854 1275 Anaximenem
882 1208 1078 1259 eruditi
1099 1209 1261 1260 aiunt.
1324 1211 1548 1274 Scripsit,
1565 1217 1621 1261 et
1651 1211 1720 1260 de
1742 1210 1920 1261 Rebus
1942 1210 2012 1261 ab
2049 1210 2351 1261 Alexandro
2375 1212 2580 1276 Gestis,
2604 1217 2694 1262 cui

480 1288 533 1336 in
564 1288 984 1352 expeditionibus
1020 1303 1193 1339 comes
1223 1289 1343 1340 fnit.
1406 1291 1677 1342 Laudatur
1700 1291 2017 1342 in'Pliuiano
2037 1291 2223 1342 Indice
2258 1293 2348 1341 tib.
2373 1305 2486 1342 ιιι.
2508 1308 2614 1357 qno
2638 1297 2691 1343 iu

477 1364 613 1415 libro
651 1381 728 1417 eae
763 1368 976 1419 arbores
1009 1368 1392 1433 describuntur,
1425 1385 1553 1435 quas
1586 1371 1642 1422 in
1677 1365 1807 1422 orbe
1839 1370 2046 1432 Indico,
2068 1378 2128 1420 nt
2154 1371 2314 1421 Plinii
2335 1371 2515 1425 verbis
2548 1379 2690 1438 utar,

477 1446 666 1497 mirata
688 1455 771 1498 est
789 1447 1077 1498 Alexandri
1100 1451 1178 1517 Μ.
1204 1451 1453 1501 Victoria.

541 1526 826 1591 Anaxipolis
849 1529 1065 1588 Thasius,
1085 1530 1304 1580 Varroni
1323 1537 1379 1582 et
1402 1528 1702 1581 Columellae
1723 1529 1967 1584 laudatus
1997 1529 2147 1579 initio
2169 1530 2343 1596 operis
2366 1531 2471 1592 sui,
2492 1545 2612 1593 cap.
2637 1534 2684 1579 1.

474 1605 610 1655 inter
628 1608 913 1671 scriptores
936 1610 1033 1660 Rei
1058 1611 1305 1661 Rustica·-

538 1685 757 1736 Andreas
793 1688 1030 1739 Medicus.
1091 1690 1395 1740 Merninere⁴
1421 1688 1560 1739 illius
1595 1687 1779 1738 Celsus
1814 1687 1866 1737 in
1902 1688 2120 1740 Praefat.
2143 1688 2237 1740 lib.
2261 1703 2314 1740 v.
2335 1690 2682 1741 Dioscorides

472 1765 527 1814 in
550 1765 767 1818 Praefat.
800 1767 1030 1818 Galenus
1064 1769 1118 1818 in
1139 1771 1349 1834 Explic.
1381 1771 1586 1820 Vocum
1620 1769 1878 1832 Hippocr.
1899 1776 2040 1819 tomo
2074 1784 2140 1820 ιι.
2167 1785 2218 1834 p·
2239 1775 2322 1823 92-
2343 1771 2436 1820 ιι1)ἰ
2465 1770 2686 1836 Ἀνδρέας

470 1846 498 1892 ὖ
519 1846 608 1895 roi?
626 1851 867 1913 Χρύσαρος
886 1856 1134 1901 vocatur:
1169 1859 1224 1901 et
1243 1851 1561 1901 Scholiastes
1586 1849 1844 1903 Nicandri
1867 1849 1919 1899 in
1941 1851 2179 1902 Theriac.
2200 1865 2252 1914 p.
2276 1855 2358 1900 32.
2378 1852 2469 1916 qui
2491 1853 2681 1902 librum

474 1925 582 1989 ejus
620 1927 819 1993 laudat,
845 1943 996 1994 quem
1033 1929 1259 1994 Νάρθηκα
1289 1930 1647 1994 inscripserat.
1710 1929 1840 1992 Ejus
1872 1929 1989 1978 libri
2021 1929 2129 1993 περὶ
2147 1932 2375 1995 suanir,
2395 1934 2455 1982 de
2478 1933 2546 1985 iis
2577 1949 2682 1996 que

470 2022 629 2057 mrsu
648 2014 875 2060 venenata
895 2016 1026 2076 sunt,
1048 2018 1105 2062 et
1124 2012 1359 2069 alterins,
1382 2013 1458 2062 De
1479 2010 1543 2059 iis
1563 2008 1810 2074 qualso
1825 2010 2103 2073 creduntur,
2116 2011 2309 2067 mentio
2326 2013 2466 2076 apud
2488 2012 2683 2069 Athen·

469 2087 559 2137 lib.
584 2102 708 2138 vm.
734 2105 785 2153 p.
808 2095 922 2142 812.

532 2170 820 2222 Androtion.
883 2173 1160 2238 Ἀνδροτίων
1176 2174 1533 2238 Theophrasto
1565 2171 1710 2223 Hist.
1743 2171 1921 2221 Plant.
1944 2185 2006 2222 ιι.
2030 2175 2080 2221 8.
2103 2179 2161 2222 et
2185 2171 2444 2222 Athenaeo
2468 2172 2562 2223 lib.
2586 2188 2675 2225 ιιι.

471 2265 523 2312 p.
555 2255 643 2301 75.
712 2252 932 2303 Varroni
957 2261 1011 2304 et
1033 2255 1334 2304 columellae
1358 2253 1508 2302 initio
1529 2251 1703 2315 operis
1728 2251 1809 2300 sui
1841 2250 2086 2309 laudatus,
2102 2251 2237 2300 inter
2257 2253 2545 2316 scriptores
2577 2254 2676 2304 Rei

475 2330 721 2397 Rustica»,
745 2349 961 2398 quorum
987 2337 1209 2398 patriam
1245 2347 1350 2382 non
1371 2331 1769 2395 comperissent.
1838 2329 2179 2380 Androtionis
2214 2330 2513 2394 Georgicon
2545 2334 2677 2386 citat

467 2410 744 2463 Athenaeus
769 2414 859 2464 lib.
877 2429 964 2465 m.
999 2431 1051 2479 p.
1071 2419 1154 2465 75.
1177 2421 1234 2464 et
1257 2419 1339 2464 82.
1363 2411 1497 2477 quod
1519 2425 1649 2474 opus
1673 2410 1739 2458 de
1766 2404 2106 2472 Agricultura
2127 2410 2325 2459 Plinius
2350 2412 2591 2474 appellat
2619 2402 2675 2462 in

464 2492 647 2543 Indice
670 2493 760 2544 lib.
782 2509 906 2545 vm.
945 2495 990 2545 Α
1014 2495 1272 2545 Pausania
1304 2507 1509 2544 rursum
1543 2492 1635 2541 lib.
1657 2503 1736 2540 vr.
1762 2504 1814 2554 p.
1839 2493 1955 2539 357.
1979 2497 2037 2546 et
2058 2488 2123 2539 ab
2144 2489 2404 2552 Harpocr.
2428 2492 2481 2540 in
2504 2492 2674 2554 Ἀμφί-

465 2575 620 2635 σιολις,
659 2589 712 2638 p.
746 2579 830 2626 20.
893 2573 1117 2639 ’Aa-riom,
1147 2575 1244 2624 hoc
1281 2582 1382 2636 est,
1417 2573 1486 2622 de
1523 2569 1698 2621 Rebus
1731 2569 1924 2620 Atticis
1960 2572 2361 2637 commentarios
2402 2573 2675 2636 scripsisse

463 2654 675 2705 dicitnr.

527 2736 754 2786 Annales.
820 2736 1134 2787 Pontificum
1157 2735 1505 2786 Maximorum
1529 2732 1758 2782 Annales
1780 2731 1985 2783 Tullius
2008 2736 2164 2785 vocat
2204 2731 2270 2780 de
2307 2730 2544 2799 ngibns
2580 2735 2613 2782 1.
2633 2748 2672 2784 1.

462 2829 520 2877 ¹p.
543 2816 658 2865 295.
725 2816 813 2866 De
835 2818 910 2866 his
932 2818 1070 2867 idem
1095 2817 1160 2866 de
1184 2817 1337 2867 Orat.
1361 2816 1452 2865 lib.
1477 2828 1541 2862 ιι.
1561 2828 1618 2879 p.
1641 2817 1755 2862 355.
1787 2812 1804 2841 ‘
1827 2814 1957 2862 Erat
1979 2812 2115 2861 euim
2150 2811 2370 2867 historia
2406 2815 2536 2871 nihil
2571 2815 2671 2864 nisi

465 2893 742 2946 Annalium
766 2896 1061 2949 confectioz
1098 2897 1242 2961 cnjus
1268 2897 1363 2951 rei,
1397 2886 1767 2956 memoriasque
1806 2891 2032 2955 publicae
2069 2891 2351 2940 retinendae
2385 2907 2568 2958 cansa,
2608 2895 2670 2942 ab

464 2975 617 3026 initio
643 2992 814 3028 rernm
841 2978 1190 3028 Romanarum
1217 2990 1377 3040 usque
1399 2973 1464 3043 ad
1491 2975 1559 3022 P.
1579 2973 1816 3031 Mucium
1847 2970 2160 3029 Pontificem
2200 2972 2345 3022 Max.
2377 2987 2463 3022 res
2486 2989 2666 3031 omnes

467 3056 776 3119 singulorum
801 3073 1050 3108 annorum
1072 3057 1357 3123 mandabat
1382 3054 1551 3104 literis
1573 3052 1828 3103 Pontifex
1851 3053 1996 3101 Max.
2017 3049 2372 3116 efferebatqne
2396 3055 2450 3102 in
2472 3054 2666 3120 album,

448 3145 518 3186 ·et
542 3139 866 3202 proponebat
890 3139 1118 3189 tabulam
1141 3138 1299 3201 domi,
1338 3141 1575 3199 potestas
1613 3140 1674 3183 ut
1709 3140 1851 3184 esset
1888 3132 2080 3197 populo
2110 3133 2496 3196 cognoscendi:
2527 3136 2666 3201 iique

458 3218 752 3282 etiamnunc
779 3218 1005 3269 Annales
1026 3219 1243 3268 Maximi
1266 3212 1633 3267 nominantur-⁹

525 3297 712 3347 Annius
737 3299 958 3360 Fetialt's,
976 3299 1222 3349 landatur
1242 3314 1273 3348 a
1295 3297 1468 3348 Plinio
1483 3307 1684 3349 xxxxv.
1701 3297 1783 3344 13.
1817 3291 2105 3342 Historiam
2120 3305 2212 3341 seu
2231 3291 2468 3344 Annales
2492 3311 2657 3347 retum

454 3377 806 3428 Romanarum
829 3378 1122 3428 condidisse
1145 3379 1189 3429 is
1211 3378 1440 3429 videtur.

520 3459 736 3509 Antoens.
805 3459 1002 3510 Medici
1025 3460 1173 3524 liujus
1195 3459 1388 3509 mentio
1411 3465 1494 3508 est
1518 3457 1571 3509 in
1590 3454 1774 3513 Indice
1798 3453 2038 3505 Pliniano
2059 3454 2151 3505 lib.
2169 3467 2274 3505 xu.
2298 3460 2356 3505 et
2374 3466 2590 3506 xxvm.
2606 3463 2656 3509 2.

522 3539 715 3589 Antias.
784 3539 922 3588 Vide
952 3540 1167 3590 Valerius
1187 3539 1382 3591 Antias.

517 3620 803 3670 Antia-tides.
864 3621 1184 3680 Ἀντικλείδης
1206 3619 1615 3687 Harpocrationi
1653 3617 2019 3679 inxaaabpsaa,
2050 3632 2102 3682 p.
2128 3620 2240 3668 161.
2308 3617 2527 3668 Librum
2558 3622 2658 3683 περὶ

452 3701 653 3764 νόστων,
673 3703 770 3752 hoc
793 3711 875 3752 est
896 3705 955 3752 de
977 3704 1261 3753 Reversione
1283 3702 1592 3753 Graecorum
1618 3698 1686 3747 ab
1708 3699 2056 3764 ssxpeditione
2087 3696 2466 3761 Trojanaffsive
2483 3699 2651 3764 ‚Argo-

448 3792 720 3833 nautarum
746 3799 777 3833 a
799 3784 1066 3841 Colchide,
1092 3784 1271 3834 laudat
1296 3784 1582 3834 Athenaeus
1606 3780 1696 3829 lib.
1718 3793 1802 3829 xx.
1827 3783 2010 3843 p.*46⁵.
2045 3785 2102 3828 et
2134 3777 2329 3829 Enseb.
2354 3780 2535 3844 Praep.
2565 3783 2652 3831 lib.

449 3876 530 3913 lv,
555 3878 605 3926 p.
632 3868 744 3914 157.
811 3865 962 3928 Opus
984 3866 1127 3916 libris
1151 3871 1212 3915 ut
1234 3863 1499 3914 minimum
1527 3859 1753 3916 sedecim
1778 3859 2221 3921 comprehensum.
2290 3858 2477 3907 Suidas
2511 3862 2651 3924 item,

449 3958 501 4006 p·
525 3947 639 3992 302.
664 3952 718 3993 et
743 3942 1009 4010 Aristoph.
1028 3945 1197 3994 Schoi.
1229 3944 1282 3993 in
1313 3943 1457 3994 Nnb.
1481 3956 1536 4006 p.
1556 3944 1669 3991 132.
1736 3935 1956 3997 Ana-tax&
1981 3939 2128 4000 item,
2151 3938 2262 3987 sive
2283 3941 2342 3987 de
2368 3939 2530 3990 Rebus
2544 3943 2645 3992 De-

441 4023 605 4083 liacis,
625 4019 893 4087 scripsisse
917 4031 1098 4074 auctor
1113 4032 1194 4074 est
1213 4022 1384 4074 Schol.
1402 4020 1665 4089 Apollonii
1690 4019 1781 4069 lib.
1805 4031 1846 4079 ι.
1868 4017 1934 4068 ad
1957 4032 2035 4066 vs·
2058 4021 2205 4068 1207.
2258 4018 2406 4068 AEtas
2429 4020 2642 4071 incerta.

450 4103 713 4155 Laudatur
738 4119 769 4153 a
794 4105 1072 4156 Plutarcho
1104 4105 1157 4154 in
1179 4102 1478 4154 Alexandro
1501 4116 1553 4168 p.
1573 4104 1688 4157 691.
1722 4098 1860 4157 inter
1889 4097 2170 4161 scriptores
2204 4096 2272 4147 de
2310 4099 2468 4159 rebus
2492 4102 2558 4151 ab
2582 4118 2641 4154 eo

442 4186 622 4249 gestis.
