3000 4917
2370 357 2545 424 4587

334 530 579 597 prope,
631 533 833 597 qnam
892 515 1103 581 ceteri
1162 533 1418 597 omnes,
1475 517 1777 594 contulit,
1833 516 2284 582 voluminibus
2338 519 2542 585 etiam

339 618 565 694 editis„
609 638 764 701 quae
807 617 1174 682 doctrinam
1224 638 1370 682 eam
1423 621 1789 684 continent.
1881 620 2239 702 Praecipua
2281 620 2428 703 ejus
2469 621 2543 687 in

338 729 481 784 arte
529 730 845 783 venustas
889 720 1052 783 fuit:
1100 739 1249 785 cum
1297 721 1527 786 eadem
1558 728 1759 786 aetate
1788 724 2071 786 maximi
2102 725 2395 806 pictores
2438 744 2542 788 es-

338 831 513 896 sent,
543 841 826 905 quorum
873 841 1078 904 opera
1115 842 1262 885 cum
1294 822 1748 900 admiraretur,
1779 823 2179 888 collaudatis
2209 827 2541 891 omnibus.

339 925 648 989 §Deesse
691 926 778 989 iis
823 930 1100 988 unam⁴0
1137 924 1496 990 Venerem'
1536 925 1828 1004 dicebat,
1860 947 2059 1011 quam
2091 927 2322 994 Graeci
2365 929 2542 996 cha-

336 1024 509 1089 rita¹¹
544 1033 827 1091 vocant:
875 1032 895 1061 ⁶
919 1017 1140 1092 cetera
1167 1029 1392 1092 omnia
1418 1029 1821 1110 contigisse:
1872 1028 1993 1092 sed
2026 1029 2155 1094 hac
2184 1031 2375 1093 soli⁴¹
2411 1030 2543 1096 sibi

337 1129 668 1192 neminem
701 1130 970 1213 parem!
1054 1130 1145 1194 Et
1174 1131 1375 1194 aliam
1411 1131 1691 1212 gloriam
1713 1133 2091 1214 usurpavit,
2121 1153 2272 1196 cum
2303 1132 2545 1199 Proto·

337 1231 524 1312 genis
569 1252 745 1314 opus
787 1235 1092 1297 immensi
1138 1234 1389 1297 laboris
1433 1253 1515 1298 ac
1561 1254 1737 1297 curae
1773 1253 1973 1317 supra
2006 1234 2277 1300 modum
2322 1239 2541 1302 anxiae

335 1333 705 1400 miraretur.
798 1336 995 1399 Dixit
1032 1335 1232 1409 enim,
1272 1341 1293 1368 ‘
1327 1335 1570 1399 Omnia
1617 1336 1748 1398 sibi
1790 1355 1940 1400 cum
1984 1337 2102 1400 illo
2144 1339 2332 1419 paria
2371 1357 2542 1416 esse,

337 1445 454 1503 aut
498 1439 600 1502 illi
648 1440 961 1504 meliora:
1007 1440 1124 1503 sed
1171 1459 1308 1503 uno
1351 1459 1427 1503 se
1474 1445 1817 1522 praestare,
1850 1440 2028 1524 quod
2074 1461 2338 1506 manum
2387 1442 2545 1506 illev

337 1540 418 1603 de
448 1540 687 1604 tabula
708 1560 842 1622 non
872 1542 1074 1605 sciret
1088 1547 1145 1588 4²
1176 1542 1401 1605 tollere
1419 1541 1457 1604 τ’
1507 1542 1921 1606 memorabili
1953 1550 2313 1627 praecepto,
2349 1549 2370 1576 ‘
2397 1545 2464 1609 N
2470 1566 2542 1608 o-

338 1662 486 1707 cere
535 1662 725 1725 saepe
771 1643 1042 1706 nimiam
1089 1642 1550 1724 diligentiam?
1641 1644 1802 1707 Fuit
1842 1649 2060 1708 autem
2102 1664 2226 1708 non
2263 1648 2543 1712 minoris

338 1745 819 1827 simplicitatiS,
851 1765 1052 1829 quam
1087 1747 1273 1811 artis,
1367 1746 1737 1812 Melanthio
1771 1747 1855 1811 de
1887 1747 2393 1830 dispositionew
2435 1768 2542 1815 ce-

917 369 1091 418 NA'r.
1138 369 1341 418 ms‘r.
1394 369 1537 417 mn.
1586 370 1843 420 xxxv.
1885 355 1996 422 36.

1255 1923 1311 1945 ‘O
1318 1924 1620 1944 “O“Om‘

337 2036 534 2087 eousque
557 2026 672 2075 cod.
697 2026 1012 2077 Dialem—40
1047 2028 1280 2077 Gronov.
1302 2033 1352 2074 et
1380 2027 1447 2075 al.
1469 2032 1593 2075 ante
1627 2025 1902 2097 Ηειιίἰιιὶιι.ν
1919 2042 2062 2076 unam
2095 2027 2376 2139 illum-4}
2413 2025 2547 2137 Codi

337 2088 1675 2207 32-2'512'11‘3³12¹:2115303'1323..txsssssiffiaeaessat
1711 2092 1929 2229 2²5&ss
1936 2094 2175 2206 2353223’33
2187 2107 2277 2206 ἵζ’
2303 2094 2546 2219 wig-‘4

1330 2301 1545 2352 NOTAE

338 2420 612 2467 ΚΑΔΜΟΞ.
695 2418 870 2478 Caput
896 2419 1065 2474 virile,
1088 2418 1301 2476 nudum,
1325 2431 1402 2465 se·
1482 2415 1753 2465 tissimus.’
1816 2416 1915 2466 Est
1945 2414 2185 2465 nimirum
2224 2415 2277 2465 in
2307 2416 2548 2479 picturis,

335 2493 458 2555 nile,
478 2509 542 2543 ae
566 2495 865 2544 barbatum.
914 2496 1186 2545 Sententia
1207 2495 1303 2544 sub
1327 2496 1404 2542 his
1482 2502 1678 2555 praeter
1696 2500 1896 2544 natura
1914 2493 2280 2554 imitationem,
2294 2507 2409 2557 qnae
2428 2507 2547 2555 pars

332 2569 497 2619 literis
522 2572 694 2620 latens
728 2572 838 2620 haec
870 2579 986 2621 est:
1027 2586 1183 2621 versu
1213 2572 1402 2622 Graeco
1483 2573 1703 2633 picturoe
1750 2571 1914 2634 prima
1956 2577 2062 2631 est,
2110 2569 2359 2634 quiddam
2406 2568 2546 2633 qnod

336 2647 570 2697 Iambico
612 2648 1000 2710 comprehensa,
1036 2645 1197 2712 Κῴους
1229 2646 1402 2698 Ἀπέλ-

335 2733 424 2785 λης
458 2724 728 2788 Anus-privet
771 2728 980 2789 Μορφῦν
1019 2729 1200 2789 Σοφῶς.
1284 2727 1403 2776 Coos

335 2800 527 2863 Apelles
548 2800 796 2862 nobilitat,
825 2803 905 2865 qui
926 2804 1192 2853 delineabat
1213 2803 1402 2853 subtili-

336 2881 425 2926 ter.
491 2878 720 2942 Spectat
750 2880 866 2928 haec
909 2880 1194 2944 epigraphe
1232 2888 1401 2929 certa-

332 2966 450 3001 men
475 2953 680 3017 Apellis
708 2970 824 3004 cum
857 2956 1175 3020 Protogene,
1207 2957 1273 3006 de
1300 2971 1400 3021 qno

334 3042 454 3078 mox
472 3029 683 3079 Plinius
698 3024 877 3080 dicet?
910 3034 1007 3083 Ed.
1024 3035 1251 3083 sem—Et
1268 3034 1400 3085 hanc

332 3104 481 3170 hujus
521 3107 747 3170 patriam
780 3106 941 3158 fnisse
979 3117 1203 3160 testatur
1247 3111 1427 3161 ovid-1

335 3179 453 3231 Art.
478 3179 600 3232 Am.
619 3196 704 3232 ιιι.
727 3187 844 3232 401.
868 3187 883 3212 ‘
903 3186 960 3236 Si
982 3187 1244 3237 Venerem
1263 3188 1400 3239 Cous

332 3270 590 3322 nunquam
638 3258 894 3321 pinxisset
939 3261 1170 3325 Apelles,
1220 3264 1402 3314 Mersa

332 3333 428 3384 snb
440 3336 695 3398 aequoreis
714 3335 803 3384 illa
825 3337 1016 3386 lateret
1035 3338 1218 3402 aquis.’
1273 3340 1400 3389 Tes-

332 3414 515 3459 tantnr
537 3418 594 3459 et
617 3411 726 3458 alii.
793 3412 1076 3476 Ephesium
1110 3420 1282 3464 tamen
1308 3428 1401 3481 ap·

332 3486 531 3548 pellant
548 3486 739 3536 Strabo
763 3489 853 3538 lib.
869 3503 988 3538 xiv.
1021 3491 1245 3541 AElianus
1265 3493 1401 3544 Hist.

331 3562 509 3613 Anim.
556 3578 639 3614 ιν.
685 3571 767 3614 50.
832 3566 1049 3616 Tzetzes
1098 3569 1232 3618 Chii.
1272 3585 1399 3620 vin.

331 3641 470 3692 Hist.
497 3646 610 3692 197.
650 3643 758 3702 alii,
790 3644 925 3707 quod
951 3646 1016 3695 ab
1040 3648 1276 3710 Ephesiis
1300 3650 1400 3698 sci·

328 3717 478 3779 licet,
514 3728 573 3766 nt
598 3721 753 3766 moris
776 3728 912 3782 erat,
945 3720 1169 3772 donatus
1184 3724 1400 3774 civitate

330 3791 508 3843 fuerit.
581 3796 720 3844 Vide
748 3796 914 3844 Notas
939 3804 994 3846 et
1020 3799 1236 3847 Emend.
1259 3815 1398 3850 num.

339 3875 421 3920 10.

394 3955 418 3981 ¹⁸
455 3948 620 3996 Graeci
642 3949 870 4013 Charite]
905 3948 1398 4013 xdpim.Quintilia-

332 4032 426 4070 nus
458 4025 679 4083 gratiam
714 4035 884 4081 vocat,
907 4034 963 4074 et
986 4028 1401 4089 pulchritudinem.

332 4097 492 4146 Libro
526 4099 666 4148 enim
707 4113 816 4149 xu.
849 4115 967 4163 cap.
1009 4106 1089 4151 10.
1126 4117 1245 4166 pag.
1285 4108 1400 4154 894.

333 4172 585 4238 ‘Ingenio
619 4183 676 4226 et
711 4177 900 4240 gratia,
932 4192 1087 4242 quam
1121 4178 1173 4226 in
1208 4179 1400 4242 seipse

332 4251 552 4301 maxime
580 4251 777 4317 jactat,
799 4252 1013 4317 Apelles
1045 4261 1128 4304 est
1147 4263 1401 4320 praestan·

1448 2667 1453 2671 ·
1481 2648 1645 2695 visum
1672 2655 1897 2711 moveat,
1933 2645 2071 2712 quod
2095 2646 2274 2696 oculos
2299 2646 2550 2710 delectet,

1479 2721 1640 2786 idque
1658 2737 1762 2771 non
1785 2737 2076 2786 repugnans
2094 2721 2304 2786 quidem
2327 2729 2547 2784 natura»,

1478 2799 1572 2848 sed
1598 2799 1663 2848 ab
1688 2813 1750 2849 ea
1774 2807 1949 2850 tamen
1989 2799 2252 2864 paulisper
2275 2797 2547 2863 recedens,

1479 2883 1534 2925 et
1559 2876 1958 2926 accommodans
1980 2890 2096 2926 sese
2128 2875 2444 2925 intuentium
2459 2875 2548 2939 jn·

1478 2952 1617 3002 dicio
1653 2967 1715 3001 ac
1752 2953 2030 3015 voluptati.
2097 2950 2161 3000 Id
2193 2950 2329 3015 quod
2354 2965 2420 3000 ex
2445 2950 2548 3012 Ly-

1479 3030 1631 3091 sippo
1658 3028 2009 3091 intelligimus,
2041 3041 2195 3090 quem
2225 3026 2403 3077 dicere
2424 3026 2546 3075 soli-

1480 3111 1591 3154 tum
1615 3104 1818 3153 Plinius
1842 3105 1934 3165 sit,
1971 3116 2168 3153 xxxw.
2191 3107 2273 3152 19.
2304 3111 2319 3134 ‘
2347 3117 2378 3152 a
2402 3110 2546 3151 vete·

1478 3179 1622 3228 ribus
1645 3177 1831 3233 factos,
1862 3179 2038 3242 quales
2061 3184 2256 3238 essent,
2280 3177 2510 3227 homines
2531 3194 2547 3229 ε

1477 3271 1510 3305 a
1532 3270 1607 3317 se,
1644 3256 1818 3320 quales
1854 3255 2153 3303 viderentur
2178 3253 2331 3305 esse.'
2399 3253 2543 3304 Illud

1475 3331 1853 3392 similitudinis,
1871 3331 2009 3379 istud
2039 3329 2440 3393 pulchritudinis
2466 3346 2546 3380 es·

1478 3423 1534 3457 se
1582 3407 1773 3457 Fabius
1817 3407 1971 3468 dixit,
2011 3407 2109 3455 loc.
2143 3407 2234 3455 cit.
2274 3422 2394 3470 pag.
2430 3412 2547 3458 895.

1478 3497 1596 3534 cum
1621 3483 1943 3534 Demetrium
1973 3480 2197 3531 affirmat
2230 3483 2283 3532 in
2324 3485 2545 3543 veritate

1477 3562 1820 3625 exprimenda
1864 3560 2075 3609 nimium
2135 3557 2318 3622 fuisse,
2379 3574 2545 3629 eoque

1477 3640 1684 3687 nomine
1711 3636 2043 3701 reprehendi,
2072 3634 2210 3699 quod
2236 3643 2354 3683 erat
2371 3635 2385 3661 ‘
2407 3636 2547 3687 simi-

1476 3713 1733 3774 litudinis»,
1757 3727 1908 3776 quam
1929 3709 2349 3775 pulchritudinis,
2369 3726 2543 3760 amnn-

1480 3789 1617 3841 tior.’

1542 3875 1566 3900 v
1605 3866 1743 3921 Quod
1766 3879 1954 3912 manum
1971 3861 2073 3924 ille]
2110 3861 2295 3911 Cicero
2313 3863 2365 3911 in
2387 3862 2543 3913 Orat.

1477 3959 1617 3992 num.
1642 3947 1726 3991 73.
1796 3941 1859 3989 In
1895 3954 1995 4002 quo
2024 3939 2240 4002 Apelles
2277 3947 2292 3970 ‘
2318 3939 2545 4010 pictores

1477 4036 1682 4087 qnoque
1706 4035 1793 4068 eos
1819 4032 2037 4082 peccare
2074 4017 2307 4080 dicebat,
2328 4021 2416 4083 qni
2443 4033 2544 4068 non

1477 4101 1756 4160 sentirent,
1780 4095 1901 4160 qnid
1926 4103 2069 4145 esset
2092 4095 2256 4144 satis!

1543 4184 1574 4208 w
1610 4176 1689 4225 De
1710 4174 2043 4238 dispositione]
2078 4174 2391 4236 Dispositio,
2413 4175 2543 4225 situs

1479 4259 1561 4303 est
1580 4251 1857 4316 figurarum
1875 4251 2099 4300 omnium
2111 4264 2172 4300 ac
2182 4264 2543 4317 personarum,
