3000 4917
827 420 1003 468 NA'r.
1048 419 1249 469 rus'r.
1298 421 1444 471 ms.
1493 420 1817 474 xxxvu.
1859 411 1968 475 54.
2331 414 2507 482 4867

295 568 487 639 esse,
526 576 732 646 quam
760 583 915 647 quae
945 563 1209 628 callais.
1296 562 1710 649 Aphidnane
1734 576 1760 615 ‘¹
1808 569 1943 634 alio
1974 572 2234 638 nomine
2266 577 2503 660 appel-

293 665 472 731 latur
494 666 927 750 chrysocolla,
948 667 1017 731 in
1039 665 1260 741 Indiae
1282 673 1498 751 parte,
1521 670 1636 733 ubi
1657 671 1959 736 formicae
1983 683 2224 740 eruunt
2244 696 2504 754 aurum,

294 768 367 831 in
430 784 569 851 qua
614 768 956 834 invenitur
1012 788 1179 834 auro
1229 771 1467 836 similis
1525 774 1858 855 quadrata
1907 775 2155 857 figura:
2220 778 2507 844 affirma-

298 877 544 954 turque
599 878 836 935 natura
889 871 1061 955 ejuS,
1119 891 1273 955 quae
1326 877 1687 957 magnetis:
1730 878 1862 942 nisi
1919 879 2104 961 quod
2162 880 2421 947 trahere
2448 888 2506 931 ²4

300 991 580 1056 quoque
608 991 839 1037 aurum
884 973 1185 1040 traditur.
1277 975 1810 1060 Aphrodisiaca*
1868 999 1959 1043 ex
2008 980 2302 1045 candido
2349 983 2502 1047 rufa

300 1082 434 1139 est.
493 1073 843 1159 Apsyctos
867 1083 921 1123 ²⁵
944 1083 965 1111 ⁸
991 1082 1289 1161 septenis
1319 1079 1563 1145 diebus
1594 1082 1881 1146 calorem
1913 1087 2092 1147 tenet
2120 1084 2505 1149 excalfacta

295 1175 464 1258 igni,
497 1177 688 1259 nigra
727 1197 810 1242 ac
840 1178 1234 1261 ponderosa,
1276 1182 1833 1265 distinguentibus
1865 1180 2012 1248 eam
2045 1186 2235 1249 venis
2267 1187 2506 1250 ruben·

298 1279 502 1344 tibus.
614 1279 876 1344 Putant
944 1279 1266 1364 prodesse
1338 1290 1572 1347 eontra
1639 1283 1910 1367 frigora.
2018 1285 2505 1370 AEgyptiuam‘

299 1379 558 1444 Iachus
586 1380 912 1465 intelligit,
955 1402 1079 1465 per
1107 1384 1332 1447 alvum
1361 1385 1586 1462 sarda,
1625 1385 1999 1468 nigraque¹¹
2054 1387 2245 1450 venis
2289 1394 2511 1451 trans-.

298 1473 790 1548 euntibus2⁴²⁶
848 1484 1421 1567 vulgus'autem'
1478 1487 1551 1551 in
1607 1487 1796 1569 nigra
1856 1487 2079 1553 radice
2134 1488 2499 1553 coeruleam

303 1584 499 1649 facit.

366 1761 395 1796 ἆ
429 1764 529 1814 Per
550 1766 758 1825 medium
778 1767 1153 1827 discurrentibus
1169 1770 1305 1820 venis
1323 1769 1483 1820 ruhris
1504 1768 1766 1835 nigrisque.

1223 1913 1587 1938 ”eunoun

296 2010 425 2061 Vet.
452 2011 635 2063 Dalec.
668 2026 785 2062 cum
806 2012 926 2063 edd.
961 2012 1221 2064 Harduin.
1245 2017 1293 2064 1.
1310 2017 1361 2063 2.
1384 2018 1434 2065 8.
1474 2020 1532 2063 et
1563 2018 1784 2063 recentt.
1842 2013 2049 2075 Angites
2081 2027 2177 2063 non
2212 2014 2375 2064 multis
2407 2016 2506 2066 alia

299 2074 537 2125 Gronov.
561 2086 618 2127 et
644 2078 710 2127 al.
731 2083 862 2127 vett.
925 2078 1071 2138 Mox,
1093 2093 1188 2142 pro
1212 2079 1564 2141 Amphidnone‚
1598 2078 1736 2143 quod
1775 2093 1806 2127 e
1843 2079 1959 2127 cod.
1997 2080 2128 2139 Reg.
2155 2083 2202 2128 1.
2240 2080 2292 2127 iu
2318 2079 2503 2128 Indice

297 2141 536 2190 restituit
580 2142 806 2191 Brotier.
854 2143 970 2191 aliae
1015 2143 1137 2193 edd.
1179 2143 1374 2192 habent
1414 2143 1854 2206 Amphiarae—24
1890 2143 2019 2191 Cod.
2059 2142 2248 2192 Dalec.
2295 2159 2504 2205 augere,-

297 2218 483 2268 margo
505 2206 628 2255 edd.
651 2208 832 2258 Dalec.
858 2215 915 2256 et
937 2208 1170 2257 Gronov·
1199 2211 1490 2268 agera—25
1527 2208 1613 2257 Ita
1648 2206 1800 2257 codd.
1825 2207 2080 2257 Harduini
2102 2215 2156 2256 et
2180 2208 2362 2258 Dalec.
2387 2222 2504 2257 cum
2586 2204 2608 2224 ⁸

298 2268 426 2319 edd.
451 2269 709 2320 Harduin.
735 2277 781 2322 1.
802 2277 852 2321 2.
876 2277 937 2323 8.
958 2278 1016 2322 et
1045 2279 1268 2322 recentt.
1310 2273 1327 2300 ‘
1351 2271 1591 2336 Apsyctos
1619 2272 1951 2332 Μαι-οὔπως
1986 2273 2196 2335 inepte:
2234 2273 2307 2322 sic
2332 2281 2504 2321 tamen

299 2340 363 2384 et
394 2334 537 2384 Vct?
568 2336 738 2386 Doleo.
803 2336 1046 2401 Assya-hos
1082 2338 1280 2388 Fuxen.
1345 2336 1550 2401 Asyctos
1587 2336 1710 2387 edd.
1754 2344 1884 2386 vett.
1924 2342 1979 2385 et
2023 2338 2385 2388 Gronov—26
2418 2336 2507 2386 Ita

301 2398 566 2448 Harduin.
591 2405 638 2450 1.
658 2405 708 2450 2.
734 2406 782 2450 3.
804 2408 861 2450 et
885 2408 1108 2451 receutt.
1162 2402 1378 2463 frigora.
1412 2403 1495 2452 AE.
1517 2402 1723 2450 ducellus
1741 2402 1777 2450 i.
1808 2415 1861 2464 p.
1881 2402 2037 2450 album
2056 2416 2096 2449 s.
2117 2416 2166 2450 n.
2190 2402 2325 2449 venis
2344 2407 2507 2450 trans·

299 2469 445 2512 eunte
465 2464 581 2514 edd.
620 2472 748 2515 vett.
771 2472 825 2514 et
847 2465 1080 2517 GronoV.
1134 2466 1359 2528 fulgura.
1391 2465 1627 2528 Agiatilta
1646 2466 1801 2528 magis
1824 2465 2130 2536 intelligitur,
2156 2481 2245 2530 per
2273 2467 2433 2514 alvum
2464 2481 2507 2515 s.
2556 2486 2564 2494 ·

297 2543 354 2579 n.
374 2529 508 2579 venis
525 2531 880 2581 transeuntibus
901 2531 1015 2582 cod.
1041 2531 1228 2581 Dslec.
1252 2538 1310 2582 et
1332 2531 1533 2582 Fuxen.

1289 2659 1516 2712 NOTAE

369 2765 394 2790 ⁰
432 2757 610 2819 Regem
647 2756 1065 2822 constituentibus]
1096 2758 1227 2808 Mss.
1256 2772 1363 2808 om·
1445 2772 1540 2822 pro
1575 2759 1811 2824 Apsyrtos
1841 2757 2056 2808 habent.
2121 2756 2352 2807 Isidorus
2387 2769 2506 2808 xvr.

301 2847 420 2897 nes,
442 2849 608 2896 regum
630 2834 1064 2886 constitutionibus.
1446 2839 1528 2885 11.
1563 2832 1687 2885 item
1727 2835 1931 2897 vitiose,
1966 2835 2192 2885 obsectos.
2267 2832 2509 2897 Ἀψυκτος

366 2920 394 2955 ⁹
417 2912 652 2978 Angites]
675 2911 902 2976 Αὐγίτης,
920 2913 1003 2962 cui
1021 2927 1053 2962 a
1066 2913 1365 2977 splendore,

1446 2912 1636 2963 Graece
1691 2912 2017 2976 intelligitur,
2070 2912 2157 2976 qui
2210 2910 2508 2975 refrigerari

299 2987 450 3051 αὐγὴ,
471 2989 581 3038 sive
605 2990 998 3054 perspicuitate,
1018 3004 1223 3041 nomen.
1276 2992 1364 3041 De
1443 2988 1646 3050 nequit,
1667 2987 1879 3051 quinon
1903 2986 2218 3049 inalgescit.'·

297 3064 540 3120 callaide,
563 3070 610 3114 e.
626 3069 708 3116 88.

368 3149 395 3184 ‘¹
428 3141 714 3204 Aphidnum?
733 3140 1070 3206 [Amphitane]
1098 3141 1231 3190 Mss.
1246 3139 1364 3190 Am·

295 3217 510 3282 picam.
571 3218 675 3268 Sed
717 3218 886 3267 Index
925 3232 955 3268 e
991 3217 1365 3282 probatissimis

303 3293 711 3356 exemplaribus,
732 3293 1005 3357 Aphidone,
1046 3294 1270 3357 nomine,
1309 3300 1368 3341 ut

302 3367 537 3425 videtur,
556 3368 848 3420 barbarico.
913 3368 1095 3419 Habet
1132 3369 1244 3418 haec
1283 3382 1368 3417 ea-

302 3442 446 3506 dem,
488 3459 604 3509 quae
646 3443 866 3511 Plinius,
910 3445 976 3496 de
1031 3445 1369 3509 chrysocolla,

299 3519 539 3571 Isidorus
562 3520 710 3586 Orig.
737 3536 858 3575 xvt.
878 3525 962 3572 14.

312 3612 319 3621 ·
369 3602 394 3630 ¹*
422 3597 790 3661 Aphrodisiaca]
810 3598 971 3649 Quasi
987 3598 1207 3649 Veneris
1226 3610 1368 3663 gem-

301 3688 410 3729 ma,
432 3674 570 3738 quod
607 3688 793 3724 nomen
839 3674 1061 3725 vidimus
1096 3689 1212 3725 cum
1250 3675 1367 3725 aliis

304 3751 509 3815 pariter
530 3751 962 3801 communicatum
984 3766 1036 3800 c.
1057 3754 1142 3801 44.
1195 3750 1366 3801 Acha-

307 3835 380 3878 tae
404 3828 632 3892 speciem
656 3841 772 3877 esse
808 3826 1176 3891 Dalecampius
1206 3826 1369 3892 conji-

306 3903 404 3953 cit.

368 3985 391 4011 ⁸
423 3978 682 4044 Apsyrtos]
728 3979 817 4029 Sic
865 3979 1023 4029 etiam
1066 3978 1120 4028 in
1164 3977 1367 4039 Iudice.

307 4053 456 4105 Libri
479 4055 731 4103 hactenus
753 4054 902 4118 editi,
918 4054 1138 4119 Asyotos.
1184 4053 1372 4103 Alber·

307 4140 398 4181 tus
419 4131 498 4180 Μ.
521 4131 588 4180 de
630 4130 826 4181 Miner.
862 4130 956 4180 lib.
978 4144 1043 4180 11.
1082 4145 1132 4194 p.
1163 4133 1278 4180 22⁷.
1313 4136 1369 4180 et

306 4198 635 4259 Marbodeus
655 4221 773 4270 cap.
790 4211 839 4256 6.
878 4209 964 4271 qni
997 4208 1111 4257 haec
1151 4207 1370 4257 totidem

309 4285 482 4338 verbis
523 4282 783 4349 referunt,
817 4283 1078 4334 Absinthos
1128 4283 1372 4337 mendose

1513 3063 1531 3096 t
1560 3059 1905 3126 AEgyptillam]
1935 3061 2022 3110 Sic
2056 3061 2124 3110 ab
2160 3061 2388 3124 AEgypto
2409 3061 2508 3110 Isi-

1446 3138 1605 3188 dorus
1627 3151 1835 3203 quoque
1858 3137 2104 3200 appellat.
2168 3137 2366 3201 Ugutio
2385 3144 2512 3201 quo-

1450 3229 1552 3279 que
1605 3213 1657 3262 in
1708 3212 1974 3264 Glossario
2016 3212 2120 3264 Ms.
2168 3221 2183 3243 ‘
2211 3213 2512 3277 AEgyptilla,

1449 3304 1670 3354 gemma,
1708 3290 1776 3339 ab
1799 3288 2045 3354 AEgypto,
2080 3288 2169 3338 ubi
2210 3288 2511 3338 iuvenitur?

1446 3367 1643 3416 Tamen
1667 3366 1718 3414 iu
1759 3364 1944 3415 Indice
1967 3366 2243 3429 AEgypulla.
2313 3366 2441 3430 Reg.
2460 3367 2511 3413 2.

1453 3442 1607 3493 Colb.
1628 3446 1679 3491 3.
1716 3441 1848 3490 Fux.
1871 3441 1976 3495 alii,
1998 3439 2250 3503 Agistitla.

1460 3544 1465 3551 ·
1516 3526 1541 3552 ¹¹
1576 3518 1752 3575 Sarda,
1780 3517 2037 3581 nigraque]
2072 3515 2251 3566 Sardae
2294 3528 2509 3579 gemmae

1449 3595 1675 3646 colorem
1713 3594 1922 3644 rubrum
1962 3606 2075 3642 esse
2110 3592 2347 3656 superius
2384 3591 2513 3640 vidi·

1451 3687 1565 3723 mus
1588 3686 1705 3736 cap.
1743 3676 1826 3721 31.
1880 3672 2072 3720 Locum
2102 3669 2239 3717 hune
2274 3667 2510 3717 codicum

1448 3765 1551 3813 ope
1575 3749 1881 3809 sanavimus,
1903 3750 2035 3810 Reg.
2054 3751 2106 3796 2.
2139 3744 2287 3795 Colb.
2309 3748 2357 3792 8.
2382 3745 2511 3792 Fux.

1448 3829 1548 3876 διο.
1596 3825 1750 3874 Prius
1771 3823 2059 3888 legebatur,
2076 3835 2165 3884 per
2182 3819 2340 3869 albam
2370 3821 2513 3870 surda

1447 3901 1683 3964 nigraque
1702 3915 1823 3949 vena
1843 3902 2133 3947 transeunte.
2181 3932 2184 3939 .

1517 3985 1542 4011 ⁷
1580 3978 1763 4038 Vulgus
1780 3974 1961 4039 autem]
1996 3974 2067 4022 Et
2085 3971 2339 4032 Isidorus,
2359 3971 2511 4035 Orig.

1449 4052 1546 4102 lib.
1593 4066 1714 4103 xvr.
1754 4066 1869 4116 esp.
1911 4053 1993 4099 11.
2038 4050 2056 4077 ‘
2083 4047 2514 4114 AEgyptills,'.in·

1452 4131 1581 4196 quit,
1612 4130 1626 4156 ‘
1655 4130 1805 4192 nigra
1840 4133 1919 4176 est
1956 4125 2149 4184 radice,
2184 4126 2413 4175 coerulea
2434 4123 2513 4201 {Ja-

1453 4206 1568 4255 cie:
1605 4220 1673 4257 ex
1696 4205 1942 4270 AEgypto‚
1976 4200 2071 4253 ubi
2107 4202 2387 4264 iuvenitur,
2424 4201 2510 4249 v'o·

1454 4280 1608 4335 eata?
1685 4302 1692 4309 ·
