<?xml version="1.0" encoding="UTF-8"?>
<!DOCTYPE html PUBLIC "-//W3C//DTD XHTML 1.0 Transitional//EN"
    "http://www.w3.org/TR/xhtml1/DTD/xhtml1-transitional.dtd">
<html xmlns="http://www.w3.org/1999/xhtml" xml:lang="en" lang="en">
 <head>
  <title>
</title>
<meta http-equiv="Content-Type" content="text/html;charset=utf-8" />
  <meta name='ocr-system' content='tesseract 3.04.00' />
  <meta name='ocr-capabilities' content='ocr_page ocr_carea ocr_par ocr_line ocrx_word'/>
</head>
<body>
  <div class='ocr_page' id='page_1' title='image "./cpliniisecundin01valpgoog_0730.png"; bbox 0 0 3000 4917; ppageno 0'>
   <div class='ocr_carea' id='block_1_1' title="bbox 496 395 1601 791">
    <p class='ocr_par' dir='ltr' id='par_1_1' title="bbox 496 395 671 483">
     <span class='ocr_line' id='line_1_1' title="bbox 496 395 671 483; baseline -0.017 0"><span class='ocrx_word' id='word_1_1' title='bbox 496 395 671 483; x_wconf 79' lang='lat'>5014</span> 
     </span>
    </p>

    <p class='ocr_par' dir='ltr' id='par_1_2' title="bbox 502 565 1601 791">
     <span class='ocr_line' id='line_1_2' title="bbox 698 565 1601 644; baseline -0.006 -21"><span class='ocrx_word' id='word_1_2' title='bbox 698 574 832 624; x_wconf 68' lang='lat' dir='ltr'>Cn.</span> <span class='ocrx_word' id='word_1_3' title='bbox 866 567 1010 622; x_wconf 78' lang='lat' dir='ltr'>xtv.&#39;</span> <span class='ocrx_word' id='word_1_4' title='bbox 1051 571 1203 621; x_wconf 76' lang='lat' dir='ltr'>Sexta</span> <span class='ocrx_word' id='word_1_5' title='bbox 1225 565 1379 633; x_wconf 77' lang='lat' dir='ltr'>re&#39;gio.</span> <span class='ocrx_word' id='word_1_6' title='bbox 1596 639 1601 644; x_wconf 12' lang='grc' dir='ltr'><strong><em>Δ</em></strong></span> 
     </span>
     <span class='ocr_line' id='line_1_3' title="bbox 566 642 1566 711; baseline -0.009 -11"><span class='ocrx_word' id='word_1_7' title='bbox 566 648 860 711; x_wconf 77' lang='lat' dir='ltr'>Asirinates]</span> <span class='ocrx_word' id='word_1_8' title='bbox 908 645 1129 699; x_wconf 82' lang='lat' dir='ltr'>Quidam</span> <span class='ocrx_word' id='word_1_9' title='bbox 1165 646 1456 696; x_wconf 84' lang='lat' dir='ltr'>Asisinates</span> <span class='ocrx_word' id='word_1_10' title='bbox 1498 642 1566 691; x_wconf 89' lang='lat' dir='ltr'>ab</span> 
     </span>
     <span class='ocr_line' id='line_1_4' title="bbox 502 722 1566 791; baseline -0.009 -14"><span class='ocrx_word' id='word_1_11' title='bbox 502 727 697 791; x_wconf 87' lang='lat' dir='ltr'>oppido</span> <span class='ocrx_word' id='word_1_12' title='bbox 734 725 923 780; x_wconf 69' lang='lat' dir='ltr'>Asinio,</span> <span class='ocrx_word' id='word_1_13' title='bbox 961 723 1097 788; x_wconf 85' lang='lat' dir='ltr'>quod</span> <span class='ocrx_word' id='word_1_14' title='bbox 1123 729 1175 771; x_wconf 83' lang='lat' dir='ltr'>et</span> <span class='ocrx_word' id='word_1_15' title='bbox 1199 722 1335 772; x_wconf 86' lang='lat' dir='ltr'>Axin</span> <span class='ocrx_word' id='word_1_16' title='bbox 1361 727 1566 769; x_wconf 79' lang='lat' dir='ltr'>vocant.</span> 
     </span>
    </p>
   </div>
   <div class='ocr_carea' id='block_1_2' title="bbox 499 797 1567 944">
    <p class='ocr_par' dir='ltr' id='par_1_3' title="bbox 499 797 1567 944">
     <span class='ocr_line' id='line_1_5' title="bbox 499 797 1567 866; baseline -0.009 -13"><span class='ocrx_word' id='word_1_17' title='bbox 499 805 747 866; x_wconf 86' lang='lat' dir='ltr'>Propert.</span> <span class='ocrx_word' id='word_1_18' title='bbox 767 805 782 831; x_wconf 91' lang='lat'>‘</span> <span class='ocrx_word' id='word_1_19' title='bbox 805 800 1188 863; x_wconf 87' lang='lat' dir='ltr'>Scandentique</span> <span class='ocrx_word' id='word_1_20' title='bbox 1211 797 1335 846; x_wconf 84' lang='lat' dir='ltr'>Axis</span> <span class='ocrx_word' id='word_1_21' title='bbox 1360 809 1567 846; x_wconf 83' lang='lat' dir='ltr'>consur·</span> 
     </span>
     <span class='ocr_line' id='line_1_6' title="bbox 504 874 1567 944; baseline -0.007 -16"><span class='ocrx_word' id='word_1_22' title='bbox 504 881 583 943; x_wconf 80' lang='lat' dir='ltr'>git</span> <span class='ocrx_word' id='word_1_23' title='bbox 608 879 802 928; x_wconf 85' lang='lat' dir='ltr'>vertice</span> <span class='ocrx_word' id='word_1_24' title='bbox 825 892 1000 926; x_wconf 88' lang='lat' dir='ltr'>murus</span> <span class='ocrx_word' id='word_1_25' title='bbox 1021 893 1036 925; x_wconf 74' lang='lat' dir='ltr'>z</span> <span class='ocrx_word' id='word_1_26' title='bbox 1063 876 1245 924; x_wconf 89' lang='lat' dir='ltr'>Murus</span> <span class='ocrx_word' id='word_1_27' title='bbox 1268 874 1336 923; x_wconf 90' lang='lat' dir='ltr'>ab</span> <span class='ocrx_word' id='word_1_28' title='bbox 1357 874 1567 944; x_wconf 86' lang='lat' dir='ltr'>ingenio</span> 
     </span>
    </p>
   </div>
   <div class='ocr_carea' id='block_1_3' title="bbox 500 957 1586 2933">
    <p class='ocr_par' dir='ltr' id='par_1_4' title="bbox 506 957 1115 1010">
     <span class='ocr_line' id='line_1_7' title="bbox 506 957 1115 1010; baseline -0.007 0"><span class='ocrx_word' id='word_1_29' title='bbox 506 960 782 1010; x_wconf 82' lang='lat' dir='ltr'>notiorille</span> <span class='ocrx_word' id='word_1_30' title='bbox 801 957 929 1008; x_wconf 68' lang='lat' dir='ltr'>tuo!</span> <span class='ocrx_word' id='word_1_31' title='bbox 965 958 1115 1006; x_wconf 78' lang='lat' dir='ltr'>Idem·</span> 
     </span>
    </p>

    <p class='ocr_par' dir='ltr' id='par_1_5' title="bbox 500 1025 1574 1633">
     <span class='ocr_line' id='line_1_8' title="bbox 570 1025 1568 1102; baseline -0.01 -13"><span class='ocrx_word' id='word_1_32' title='bbox 570 1034 1036 1102; x_wconf 75' lang='lat' dir='ltr'>Forqflaminienses]</span> <span class='ocrx_word' id='word_1_33' title='bbox 1069 1025 1074 1031; x_wconf 72' lang='grc'><em>’</em></span> <span class='ocrx_word' id='word_1_34' title='bbox 1110 1033 1173 1083; x_wconf 89' lang='lat' dir='ltr'>In</span> <span class='ocrx_word' id='word_1_35' title='bbox 1227 1031 1387 1083; x_wconf 89' lang='lat' dir='ltr'>ruinis</span> <span class='ocrx_word' id='word_1_36' title='bbox 1444 1032 1568 1080; x_wconf 87' lang='lat' dir='ltr'>Fori</span> 
     </span>
     <span class='ocr_line' id='line_1_9' title="bbox 506 1107 1568 1176; baseline -0.008 -13"><span class='ocrx_word' id='word_1_37' title='bbox 506 1107 768 1176; x_wconf 82' lang='lat' dir='ltr'>Flaminii,</span> <span class='ocrx_word' id='word_1_38' title='bbox 800 1112 966 1162; x_wconf 78' lang='lat' dir='ltr'><strong>eversi</strong></span> <span class='ocrx_word' id='word_1_39' title='bbox 1000 1127 1028 1160; x_wconf 90' lang='lat' dir='ltr'>a</span> <span class='ocrx_word' id='word_1_40' title='bbox 1063 1109 1438 1175; x_wconf 84' lang='lat' dir='ltr'>Longobardis‚</span> <span class='ocrx_word' id='word_1_41' title='bbox 1478 1124 1568 1157; x_wconf 81' lang='lat' dir='ltr'>ex-</span> 
     </span>
     <span class='ocr_line' id='line_1_10' title="bbox 508 1185 1572 1252; baseline -0.008 -12"><span class='ocrx_word' id='word_1_42' title='bbox 508 1199 737 1241; x_wconf 87' lang='lat' dir='ltr'>tructum</span> <span class='ocrx_word' id='word_1_43' title='bbox 774 1197 853 1239; x_wconf 84' lang='lat' dir='ltr'>est</span> <span class='ocrx_word' id='word_1_44' title='bbox 881 1189 1214 1252; x_wconf 80' lang='lat' dir='ltr'>Fulgineum,</span> <span class='ocrx_word' id='word_1_45' title='bbox 1246 1186 1401 1235; x_wconf 85' lang='lat' dir='ltr'>hodie</span> <span class='ocrx_word' id='word_1_46' title='bbox 1436 1185 1572 1235; x_wconf 79' lang='lat' dir='ltr'>Foli-</span> 
     </span>
     <span class='ocr_line' id='line_1_11' title="bbox 500 1261 1571 1329; baseline -0.007 -13"><span class='ocrx_word' id='word_1_47' title='bbox 500 1268 629 1329; x_wconf 76' lang='lat' dir='ltr'>gini.</span> <span class='ocrx_word' id='word_1_48' title='bbox 701 1266 801 1316; x_wconf 83' lang='lat' dir='ltr'>Alii</span> <span class='ocrx_word' id='word_1_49' title='bbox 827 1273 1000 1315; x_wconf 83' lang='lat' dir='ltr'>tamen</span> <span class='ocrx_word' id='word_1_50' title='bbox 1022 1271 1140 1313; x_wconf 84' lang='lat' dir='ltr'>sunt</span> <span class='ocrx_word' id='word_1_51' title='bbox 1165 1262 1463 1325; x_wconf 83' lang='lat' dir='ltr'>Fulginates</span> <span class='ocrx_word' id='word_1_52' title='bbox 1485 1261 1571 1309; x_wconf 83' lang='lat' dir='ltr'>Ti·</span> 
     </span>
     <span class='ocr_line' id='line_1_12' title="bbox 511 1336 1572 1405; baseline -0.008 -13"><span class='ocrx_word' id='word_1_53' title='bbox 511 1342 732 1392; x_wconf 86' lang='lat' dir='ltr'>burtinis</span> <span class='ocrx_word' id='word_1_54' title='bbox 770 1341 1064 1405; x_wconf 85' lang='lat' dir='ltr'>propinqui,</span> <span class='ocrx_word' id='word_1_55' title='bbox 1106 1353 1235 1403; x_wconf 81' lang='lat' dir='ltr'>quos</span> <span class='ocrx_word' id='word_1_56' title='bbox 1263 1346 1457 1387; x_wconf 84' lang='lat' dir='ltr'>-auctor</span> <span class='ocrx_word' id='word_1_57' title='bbox 1487 1336 1572 1385; x_wconf 84' lang='lat' dir='ltr'>hie</span> 
     </span>
     <span class='ocr_line' id='line_1_13' title="bbox 506 1414 1573 1468; baseline -0.005 -1"><span class='ocrx_word' id='word_1_58' title='bbox 506 1417 791 1468; x_wconf 69' lang='lat' dir='ltr'>memor-att</span> <span class='ocrx_word' id='word_1_59' title='bbox 835 1417 1081 1467; x_wconf 84' lang='lat' dir='ltr'>Straboni</span> <span class='ocrx_word' id='word_1_60' title='bbox 1110 1415 1297 1464; x_wconf 81' lang='lat' dir='ltr'>Forum</span> <span class='ocrx_word' id='word_1_61' title='bbox 1333 1414 1573 1464; x_wconf 85' lang='lat' dir='ltr'>Flaminii</span> 
     </span>
     <span class='ocr_line' id='line_1_14' title="bbox 510 1493 1574 1559; baseline -0.004 -13"><span class='ocrx_word' id='word_1_62' title='bbox 510 1496 757 1546; x_wconf 72' lang='lat' dir='ltr'>Nuceriae</span> <span class='ocrx_word' id='word_1_63' title='bbox 797 1495 1140 1559; x_wconf 85' lang='lat' dir='ltr'>propinquum</span> <span class='ocrx_word' id='word_1_64' title='bbox 1179 1502 1280 1556; x_wconf 86' lang='lat' dir='ltr'>est,</span> <span class='ocrx_word' id='word_1_65' title='bbox 1311 1493 1397 1542; x_wconf 90' lang='lat' dir='ltr'>ubi</span> <span class='ocrx_word' id='word_1_66' title='bbox 1436 1507 1574 1542; x_wconf 85' lang='lat' dir='ltr'>nunc</span> 
     </span>
     <span class='ocr_line' id='line_1_15' title="bbox 509 1569 1022 1633; baseline -0.01 -12"><span class='ocrx_word' id='word_1_67' title='bbox 509 1569 835 1633; x_wconf 79' lang='lat' dir='ltr'>Fulgineum.</span> <span class='ocrx_word' id='word_1_68' title='bbox 869 1570 1022 1618; x_wconf 83' lang='lat' dir='ltr'><strong><em>Idem.</em></strong></span> 
     </span>
    </p>

    <p class='ocr_par' dir='ltr' id='par_1_6' title="bbox 511 1645 1576 1940">
     <span class='ocr_line' id='line_1_16' title="bbox 575 1645 1575 1711; baseline -0.004 -14"><span class='ocrx_word' id='word_1_69' title='bbox 575 1647 1089 1711; x_wconf 75' lang='lat' dir='ltr'>Forosempronienses]</span> <span class='ocrx_word' id='word_1_70' title='bbox 1153 1645 1575 1709; x_wconf 85' lang='lat' dir='ltr'>Forosemproni-</span> 
     </span>
     <span class='ocr_line' id='line_1_17' title="bbox 514 1721 1576 1785; baseline -0.005 -11"><span class='ocrx_word' id='word_1_71' title='bbox 514 1740 597 1774; x_wconf 89' lang='lat' dir='ltr'>um</span> <span class='ocrx_word' id='word_1_72' title='bbox 617 1724 779 1785; x_wconf 54' lang='lat' dir='ltr'>bodiev</span> <span class='ocrx_word' id='word_1_73' title='bbox 798 1724 1160 1785; x_wconf 75' lang='lat' dir='ltr'>Fossambruno,</span> <span class='ocrx_word' id='word_1_74' title='bbox 1201 1722 1253 1771; x_wconf 88' lang='lat' dir='ltr'>in</span> <span class='ocrx_word' id='word_1_75' title='bbox 1280 1721 1363 1769; x_wconf 82' lang='lat' dir='ltr'>via</span> <span class='ocrx_word' id='word_1_76' title='bbox 1386 1722 1426 1769; x_wconf 88' lang='lat' dir='ltr'>F</span> <span class='ocrx_word' id='word_1_77' title='bbox 1429 1722 1576 1769; x_wconf 88' lang='lat' dir='ltr'>lami-</span> 
     </span>
     <span class='ocr_line' id='line_1_18' title="bbox 512 1796 1575 1863; baseline -0.003 -15"><span class='ocrx_word' id='word_1_78' title='bbox 512 1800 616 1855; x_wconf 84' lang='lat' dir='ltr'>nia,</span> <span class='ocrx_word' id='word_1_79' title='bbox 658 1814 756 1863; x_wconf 83' lang='lat' dir='ltr'>qua</span> <span class='ocrx_word' id='word_1_80' title='bbox 802 1799 966 1848; x_wconf 86' lang='lat' dir='ltr'>Roma</span> <span class='ocrx_word' id='word_1_81' title='bbox 1008 1799 1113 1847; x_wconf 88' lang='lat' dir='ltr'>itur</span> <span class='ocrx_word' id='word_1_82' title='bbox 1154 1797 1461 1853; x_wconf 77' lang='lat' dir='ltr'>Ariminum,</span> <span class='ocrx_word' id='word_1_83' title='bbox 1509 1796 1575 1845; x_wconf 85' lang='lat' dir='ltr'>ab</span> 
     </span>
     <span class='ocr_line' id='line_1_19' title="bbox 511 1863 1516 1940; baseline 0 -15"><span class='ocrx_word' id='word_1_84' title='bbox 511 1875 750 1939; x_wconf 85' lang='lat' dir='ltr'>Augusto</span> <span class='ocrx_word' id='word_1_85' title='bbox 773 1876 1032 1940; x_wconf 79' lang='lat' dir='ltr'>lapidibus</span> <span class='ocrx_word' id='word_1_86' title='bbox 1053 1880 1234 1925; x_wconf 84' lang='lat' dir='ltr'>strata.</span> <span class='ocrx_word' id='word_1_87' title='bbox 1268 1863 1422 1926; x_wconf 74' lang='lat' dir='ltr'>Idem.</span> <span class='ocrx_word' id='word_1_88' title='bbox 1510 1899 1516 1904; x_wconf 86' lang='lat'><strong>·</strong></span> 
     </span>
    </p>

    <p class='ocr_par' dir='ltr' id='par_1_7' title="bbox 510 1952 1580 2463">
     <span class='ocr_line' id='line_1_20' title="bbox 578 1952 1573 2017; baseline -0.002 -14"><span class='ocrx_word' id='word_1_89' title='bbox 578 1953 947 2017; x_wconf 70' lang='lat' dir='ltr'><strong><em>Interamnates]</em></strong></span> <span class='ocrx_word' id='word_1_90' title='bbox 968 1954 1347 2003; x_wconf 76' lang='lat' dir='ltr'><strong>Interamnates</strong></span> <span class='ocrx_word' id='word_1_91' title='bbox 1370 1952 1573 2009; x_wconf 89' lang='lat' dir='ltr'>Umbri,</span> 
     </span>
     <span class='ocr_line' id='line_1_21' title="bbox 517 2030 1580 2094; baseline -0.004 -12"><span class='ocrx_word' id='word_1_92' title='bbox 517 2030 666 2082; x_wconf 75' lang='lat' dir='ltr'>Tarni</span> <span class='ocrx_word' id='word_1_93' title='bbox 708 2030 881 2094; x_wconf 85' lang='lat' dir='ltr'>bodie,</span> <span class='ocrx_word' id='word_1_94' title='bbox 917 2030 1115 2091; x_wconf 85' lang='lat' dir='ltr'>Sabini,</span> <span class='ocrx_word' id='word_1_95' title='bbox 1159 2030 1268 2079; x_wconf 83' lang='lat' dir='ltr'>sive</span> <span class='ocrx_word' id='word_1_96' title='bbox 1304 2030 1580 2092; x_wconf 83' lang='lat' dir='ltr'>Praecutii,</span> 
     </span>
     <span class='ocr_line' id='line_1_22' title="bbox 510 2106 1578 2170; baseline 0.002 -15"><span class='ocrx_word' id='word_1_97' title='bbox 510 2107 621 2156; x_wconf 84' lang='lat' dir='ltr'>sive</span> <span class='ocrx_word' id='word_1_98' title='bbox 646 2107 921 2170; x_wconf 82' lang='lat' dir='ltr'>Samnites,</span> <span class='ocrx_word' id='word_1_99' title='bbox 954 2106 1200 2168; x_wconf 77' lang='lat' dir='ltr'>Termini,</span> <span class='ocrx_word' id='word_1_100' title='bbox 1222 2108 1301 2156; x_wconf 81' lang='lat' dir='ltr'>vel</span> <span class='ocrx_word' id='word_1_101' title='bbox 1323 2106 1578 2157; x_wconf 77' lang='lat' dir='ltr'>&#39;Pet-volae.</span> 
     </span>
     <span class='ocr_line' id='line_1_23' title="bbox 513 2181 1579 2240; baseline -0.002 -8"><span class='ocrx_word' id='word_1_102' title='bbox 513 2183 624 2232; x_wconf 86' lang='lat' dir='ltr'>Sub</span> <span class='ocrx_word' id='word_1_103' title='bbox 662 2184 794 2233; x_wconf 88' lang='lat' dir='ltr'>Sora</span> <span class='ocrx_word' id='word_1_104' title='bbox 827 2184 878 2232; x_wconf 86' lang='lat' dir='ltr'>in</span> <span class='ocrx_word' id='word_1_105' title='bbox 910 2184 1140 2240; x_wconf 85' lang='lat' dir='ltr'>Samnio,</span> <span class='ocrx_word' id='word_1_106' title='bbox 1176 2183 1265 2232; x_wconf 88' lang='lat' dir='ltr'>ubi</span> <span class='ocrx_word' id='word_1_107' title='bbox 1296 2182 1428 2231; x_wconf 84' lang='lat' dir='ltr'>Liris</span> <span class='ocrx_word' id='word_1_108' title='bbox 1461 2181 1579 2231; x_wconf 66' lang='lat' dir='ltr'>coi}-</span> 
     </span>
     <span class='ocr_line' id='line_1_24' title="bbox 514 2258 1580 2324; baseline -0.003 -15"><span class='ocrx_word' id='word_1_109' title='bbox 514 2267 612 2310; x_wconf 90' lang='lat' dir='ltr'>nnt</span> <span class='ocrx_word' id='word_1_110' title='bbox 647 2261 750 2310; x_wconf 87' lang='lat' dir='ltr'>duo</span> <span class='ocrx_word' id='word_1_111' title='bbox 786 2260 980 2324; x_wconf 83' lang='lat' dir='ltr'>capita,</span> <span class='ocrx_word' id='word_1_112' title='bbox 1015 2261 1180 2309; x_wconf 78' lang='lat' dir='ltr'>insula</span> <span class='ocrx_word' id='word_1_113' title='bbox 1213 2266 1313 2322; x_wconf 90' lang='lat' dir='ltr'>est,</span> <span class='ocrx_word' id='word_1_114' title='bbox 1351 2265 1407 2308; x_wconf 85' lang='lat' dir='ltr'>et</span> <span class='ocrx_word' id='word_1_115' title='bbox 1429 2258 1580 2322; x_wconf 83' lang='lat' dir='ltr'>oppi-</span> 
     </span>
     <span class='ocr_line' id='line_1_25' title="bbox 516 2335 1579 2399; baseline -0.002 -13"><span class='ocrx_word' id='word_1_116' title='bbox 516 2336 638 2386; x_wconf 88' lang='lat' dir='ltr'>dum</span> <span class='ocrx_word' id='word_1_117' title='bbox 663 2337 965 2386; x_wconf 83' lang='lat' dir='ltr'>Interamna</span> <span class='ocrx_word' id='word_1_118' title='bbox 986 2335 1202 2394; x_wconf 86' lang='lat' dir='ltr'>dictum,</span> <span class='ocrx_word' id='word_1_119' title='bbox 1219 2336 1355 2399; x_wconf 89' lang='lat' dir='ltr'>quod</span> <span class='ocrx_word' id='word_1_120' title='bbox 1374 2335 1436 2384; x_wconf 78' lang='lat' dir='ltr'>iis</span> <span class='ocrx_word' id='word_1_121' title='bbox 1454 2335 1579 2385; x_wconf 81' lang='lat' dir='ltr'>duo-</span> 
     </span>
     <span class='ocr_line' id='line_1_26' title="bbox 515 2411 1363 2463; baseline 0.001 -1"><span class='ocrx_word' id='word_1_122' title='bbox 515 2412 612 2462; x_wconf 81' lang='lat' dir='ltr'>bus</span> <span class='ocrx_word' id='word_1_123' title='bbox 634 2411 801 2463; x_wconf 85' lang='lat' dir='ltr'>fluviis</span> <span class='ocrx_word' id='word_1_124' title='bbox 824 2413 1177 2463; x_wconf 85' lang='lat' dir='ltr'>circundetnr.</span> <span class='ocrx_word' id='word_1_125' title='bbox 1214 2413 1363 2463; x_wconf 73' lang='lat' dir='ltr'>Idem-</span> 
     </span>
    </p>

    <p class='ocr_par' dir='ltr' id='par_1_8' title="bbox 516 2486 1586 2933">
     <span class='ocr_line' id='line_1_27' title="bbox 589 2486 1585 2551; baseline -0.001 -14"><span class='ocrx_word' id='word_1_126' title='bbox 589 2487 845 2551; x_wconf 76' lang='lat' dir='ltr'>Nucerini]</span> <span class='ocrx_word' id='word_1_127' title='bbox 881 2486 983 2536; x_wconf 84' lang='lat' dir='ltr'>Alii</span> <span class='ocrx_word' id='word_1_128' title='bbox 1016 2496 1137 2538; x_wconf 83' lang='lat' dir='ltr'>sunt</span> <span class='ocrx_word' id='word_1_129' title='bbox 1177 2487 1429 2538; x_wconf 81' lang='lat' dir='ltr'>Nucerini</span> <span class='ocrx_word' id='word_1_130' title='bbox 1464 2501 1585 2550; x_wconf 85' lang='lat' dir='ltr'>pro·</span> 
     </span>
     <span class='ocr_line' id='line_1_28' title="bbox 519 2563 1583 2630; baseline 0 -17"><span class='ocrx_word' id='word_1_131' title='bbox 519 2579 587 2630; x_wconf 85' lang='lat' dir='ltr'>pe</span> <span class='ocrx_word' id='word_1_132' title='bbox 611 2563 887 2627; x_wconf 75' lang='lat' dir='ltr'>Neapolim</span> <span class='ocrx_word' id='word_1_133' title='bbox 913 2578 1069 2628; x_wconf 87' lang='lat' dir='ltr'>supra</span> <span class='ocrx_word' id='word_1_134' title='bbox 1092 2579 1210 2627; x_wconf 82' lang='lat' dir='ltr'>cap.</span> <span class='ocrx_word' id='word_1_135' title='bbox 1234 2570 1283 2614; x_wconf 80' lang='lat'>5.</span> <span class='ocrx_word' id='word_1_136' title='bbox 1318 2564 1469 2628; x_wconf 86' lang='lat' dir='ltr'>hujus</span> <span class='ocrx_word' id='word_1_137' title='bbox 1493 2563 1583 2613; x_wconf 88' lang='lat' dir='ltr'>lib.</span> 
     </span>
     <span class='ocr_line' id='line_1_29' title="bbox 519 2639 1584 2705; baseline -0.003 -14"><span class='ocrx_word' id='word_1_138' title='bbox 519 2643 651 2691; x_wconf 72' lang='lat' dir='ltr'>Haec</span> <span class='ocrx_word' id='word_1_139' title='bbox 678 2642 926 2703; x_wconf 88' lang='lat' dir='ltr'>Nuceria,</span> <span class='ocrx_word' id='word_1_140' title='bbox 957 2640 1262 2705; x_wconf 83' lang='lat' dir='ltr'>cognomine</span> <span class='ocrx_word' id='word_1_141' title='bbox 1298 2639 1584 2704; x_wconf 82' lang='lat' dir='ltr'>‘Alphate-</span> 
     </span>
     <span class='ocr_line' id='line_1_30' title="bbox 516 2716 1586 2781; baseline -0.003 -14"><span class='ocrx_word' id='word_1_142' title='bbox 516 2717 637 2780; x_wconf 85' lang='lat' dir='ltr'>nia,’</span> <span class='ocrx_word' id='word_1_143' title='bbox 661 2718 799 2781; x_wconf 87' lang='lat' dir='ltr'>apud</span> <span class='ocrx_word' id='word_1_144' title='bbox 828 2717 1024 2766; x_wconf 81' lang='lat' dir='ltr'>Livium</span> <span class='ocrx_word' id='word_1_145' title='bbox 1061 2717 1149 2768; x_wconf 90' lang='lat' dir='ltr'>lib.</span> <span class='ocrx_word' id='word_1_146' title='bbox 1173 2731 1257 2767; x_wconf 78' lang='lat' dir='ltr'>tx.</span> <span class='ocrx_word' id='word_1_147' title='bbox 1281 2717 1333 2766; x_wconf 86' lang='lat' dir='ltr'>in</span> <span class='ocrx_word' id='word_1_148' title='bbox 1357 2716 1586 2773; x_wconf 86' lang='lat' dir='ltr'>Umbris,</span> 
     </span>
     <span class='ocr_line' id='line_1_31' title="bbox 520 2791 1584 2859; baseline -0.002 -15"><span class='ocrx_word' id='word_1_149' title='bbox 520 2808 674 2859; x_wconf 83' lang='lat' dir='ltr'>quam</span> <span class='ocrx_word' id='word_1_150' title='bbox 709 2794 898 2842; x_wconf 81' lang='lat' dir='ltr'>Decius</span> <span class='ocrx_word' id='word_1_151' title='bbox 923 2794 1116 2842; x_wconf 88' lang='lat' dir='ltr'>Consul</span> <span class='ocrx_word' id='word_1_152' title='bbox 1141 2792 1493 2857; x_wconf 82' lang='lat' dir='ltr'>oppugnando</span> <span class='ocrx_word' id='word_1_153' title='bbox 1518 2791 1584 2842; x_wconf 87' lang='lat' dir='ltr'>ad</span> 
     </span>
     <span class='ocr_line' id='line_1_32' title="bbox 518 2868 1584 2933; baseline -0.002 -14"><span class='ocrx_word' id='word_1_154' title='bbox 518 2870 840 2920; x_wconf 84' lang='lat' dir='ltr'>deditionem</span> <span class='ocrx_word' id='word_1_155' title='bbox 866 2868 1089 2933; x_wconf 78' lang='lat' dir='ltr'>subegit,</span> <span class='ocrx_word' id='word_1_156' title='bbox 1101 2868 1151 2917; x_wconf 90' lang='lat' dir='ltr'>in</span> <span class='ocrx_word' id='word_1_157' title='bbox 1169 2868 1282 2931; x_wconf 86' lang='lat' dir='ltr'>ripa</span> <span class='ocrx_word' id='word_1_158' title='bbox 1305 2868 1459 2917; x_wconf 89' lang='lat' dir='ltr'>Penii</span> <span class='ocrx_word' id='word_1_159' title='bbox 1477 2882 1584 2918; x_wconf 87' lang='lat' dir='ltr'>am·</span> 
     </span>
    </p>
   </div>
   <div class='ocr_carea' id='block_1_4' title="bbox 521 2944 1644 3010">
    <p class='ocr_par' dir='ltr' id='par_1_9' title="bbox 521 2944 1644 3010">
     <span class='ocr_line' id='line_1_33' title="bbox 521 2944 1644 3010; baseline -0.001 -15"><span class='ocrx_word' id='word_1_160' title='bbox 521 2944 798 3010; x_wconf 78' lang='lat' dir='ltr'>nis‚lio·die</span> <span class='ocrx_word' id='word_1_161' title='bbox 837 2944 1034 3008; x_wconf 77' lang='lat' dir='ltr'>Topino,</span> <span class='ocrx_word' id='word_1_162' title='bbox 1074 2958 1237 3009; x_wconf 80' lang='lat' dir='ltr'>prope</span> <span class='ocrx_word' id='word_1_163' title='bbox 1260 2944 1585 3007; x_wconf 80' lang='lat' dir='ltr'>Fulgineum,</span> <span class='ocrx_word' id='word_1_164' title='bbox 1642 2970 1644 2973; x_wconf 56' lang='lat'>&gt;</span> 
     </span>
    </p>
   </div>
   <div class='ocr_carea' id='block_1_5' title="bbox 520 3019 1597 4368">
    <p class='ocr_par' dir='ltr' id='par_1_10' title="bbox 520 3019 1588 3389">
     <span class='ocr_line' id='line_1_34' title="bbox 520 3019 1587 3083; baseline -0.003 -11"><span class='ocrx_word' id='word_1_165' title='bbox 520 3031 578 3072; x_wconf 87' lang='lat' dir='ltr'>et</span> <span class='ocrx_word' id='word_1_166' title='bbox 621 3021 966 3077; x_wconf 80' lang='lat' dir='ltr'>Camerinum,</span> <span class='ocrx_word' id='word_1_167' title='bbox 1007 3020 1097 3069; x_wconf 90' lang='lat' dir='ltr'>ubi</span> <span class='ocrx_word' id='word_1_168' title='bbox 1131 3019 1375 3070; x_wconf 81' lang='lat' dir='ltr'>Straboni</span> <span class='ocrx_word' id='word_1_169' title='bbox 1413 3021 1587 3083; x_wconf 81' lang='lat' dir='ltr'>lignea</span> 
     </span>
     <span class='ocr_line' id='line_1_35' title="bbox 520 3097 1588 3154; baseline -0.002 -7"><span class='ocrx_word' id='word_1_170' title='bbox 520 3113 647 3147; x_wconf 83' lang='lat' dir='ltr'>vasa</span> <span class='ocrx_word' id='word_1_171' title='bbox 673 3098 820 3154; x_wconf 85' lang='lat' dir='ltr'>finnt,</span> <span class='ocrx_word' id='word_1_172' title='bbox 841 3097 994 3146; x_wconf 83' lang='lat' dir='ltr'>hodie</span> <span class='ocrx_word' id='word_1_173' title='bbox 1016 3111 1163 3146; x_wconf 86' lang='lat' dir='ltr'>suum</span> <span class='ocrx_word' id='word_1_174' title='bbox 1185 3111 1368 3146; x_wconf 89' lang='lat' dir='ltr'>nomen</span> <span class='ocrx_word' id='word_1_175' title='bbox 1391 3097 1588 3146; x_wconf 87' lang='lat' dir='ltr'>retinet</span> 
     </span>
     <span class='ocr_line' id='line_1_36' title="bbox 524 3173 1586 3236; baseline -0.003 -12"><span class='ocrx_word' id='word_1_176' title='bbox 524 3175 773 3224; x_wconf 78' lang='lat' dir='ltr'>Nuceria.-</span> <span class='ocrx_word' id='word_1_177' title='bbox 810 3173 1115 3236; x_wconf 86' lang='lat' dir='ltr'>Fulgineum</span> <span class='ocrx_word' id='word_1_178' title='bbox 1139 3187 1282 3236; x_wconf 82' lang='lat' dir='ltr'>vero,</span> <span class='ocrx_word' id='word_1_179' title='bbox 1312 3173 1586 3235; x_wconf 71' lang='lat' dir='ltr'>Fon-oligua.</span> 
     </span>
     <span class='ocr_line' id='line_1_37' title="bbox 522 3247 1587 3313; baseline -0.003 -12"><span class='ocrx_word' id='word_1_180' title='bbox 522 3252 756 3301; x_wconf 85' lang='lat' dir='ltr'>Nuceria</span> <span class='ocrx_word' id='word_1_181' title='bbox 789 3247 1162 3313; x_wconf 84' lang='lat' dir='ltr'>‘Alphateuia&#39;</span> <span class='ocrx_word' id='word_1_182' title='bbox 1200 3249 1349 3300; x_wconf 81' lang='lat' dir='ltr'>Livio</span> <span class='ocrx_word' id='word_1_183' title='bbox 1381 3248 1474 3299; x_wconf 88' lang='lat' dir='ltr'>lib.</span> <span class='ocrx_word' id='word_1_184' title='bbox 1507 3262 1587 3298; x_wconf 67' lang='grc' dir='ltr'>ιι.</span> 
     </span>
     <span class='ocr_line' id='line_1_38' title="bbox 522 3324 1330 3389; baseline 0.001 -14"><span class='ocrx_word' id='word_1_185' title='bbox 522 3325 755 3376; x_wconf 78' lang='lat' dir='ltr'>fortassis</span> <span class='ocrx_word' id='word_1_186' title='bbox 779 3333 794 3355; x_wconf 82' lang='lat'>⁸</span> <span class='ocrx_word' id='word_1_187' title='bbox 813 3324 1132 3389; x_wconf 61' lang='lat' dir='ltr'>Alphatenw</span> <span class='ocrx_word' id='word_1_188' title='bbox 1175 3326 1330 3376; x_wconf 79' lang='lat' dir='ltr'>Idem.</span> 
     </span>
    </p>

    <p class='ocr_par' dir='ltr' id='par_1_11' title="bbox 522 3399 1592 3909">
     <span class='ocr_line' id='line_1_39' title="bbox 590 3399 1591 3463; baseline -0.002 -12"><span class='ocrx_word' id='word_1_189' title='bbox 590 3400 888 3463; x_wconf 63' lang='lat' dir='ltr'>Sestianus]</span> <span class='ocrx_word' id='word_1_190' title='bbox 946 3402 1161 3452; x_wconf 80' lang='lat' dir='ltr'>Semina</span> <span class='ocrx_word' id='word_1_191' title='bbox 1193 3401 1443 3462; x_wconf 61' lang='lat' dir='ltr'>Umbriae,</span> <span class='ocrx_word' id='word_1_192' title='bbox 1467 3399 1591 3451; x_wconf 83' lang='lat' dir='ltr'>vici·</span> 
     </span>
     <span class='ocr_line' id='line_1_40' title="bbox 522 3476 1588 3543; baseline -0.003 -14"><span class='ocrx_word' id='word_1_193' title='bbox 522 3495 588 3529; x_wconf 87' lang='lat' dir='ltr'>na</span> <span class='ocrx_word' id='word_1_194' title='bbox 602 3480 818 3530; x_wconf 85' lang='lat' dir='ltr'>Sentino</span> <span class='ocrx_word' id='word_1_195' title='bbox 835 3476 1011 3541; x_wconf 83' lang='lat' dir='ltr'>fluvio,</span> <span class='ocrx_word' id='word_1_196' title='bbox 1027 3480 1113 3543; x_wconf 87' lang='lat' dir='ltr'>qni</span> <span class='ocrx_word' id='word_1_197' title='bbox 1138 3478 1294 3528; x_wconf 85' lang='lat' dir='ltr'>etiam</span> <span class='ocrx_word' id='word_1_198' title='bbox 1317 3476 1473 3527; x_wconf 86' lang='lat' dir='ltr'>bodie</span> <span class='ocrx_word' id='word_1_199' title='bbox 1497 3491 1588 3526; x_wconf 87' lang='lat' dir='ltr'>no·</span> 
     </span>
     <span class='ocr_line' id='line_1_41' title="bbox 524 3553 1592 3617; baseline -0.004 -12"><span class='ocrx_word' id='word_1_200' title='bbox 524 3570 642 3605; x_wconf 90' lang='lat' dir='ltr'>men</span> <span class='ocrx_word' id='word_1_201' title='bbox 689 3555 899 3610; x_wconf 85' lang='lat' dir='ltr'>retinet,</span> <span class='ocrx_word' id='word_1_202' title='bbox 937 3569 968 3602; x_wconf 84' lang='lat' dir='ltr'>a</span> <span class='ocrx_word' id='word_1_203' title='bbox 1005 3553 1365 3617; x_wconf 77' lang='lat' dir='ltr'>Longobardis</span> <span class='ocrx_word' id='word_1_204' title='bbox 1408 3567 1592 3602; x_wconf 83' lang='lat' dir='ltr'>eversa</span> 
     </span>
     <span class='ocr_line' id='line_1_42' title="bbox 525 3630 1590 3695; baseline -0.001 -14"><span class='ocrx_word' id='word_1_205' title='bbox 525 3639 627 3692; x_wconf 88' lang='lat' dir='ltr'>est,</span> <span class='ocrx_word' id='word_1_206' title='bbox 651 3647 718 3680; x_wconf 87' lang='lat' dir='ltr'>ex</span> <span class='ocrx_word' id='word_1_207' title='bbox 741 3633 957 3695; x_wconf 87' lang='lat' dir='ltr'>ejusque</span> <span class='ocrx_word' id='word_1_208' title='bbox 984 3631 1141 3679; x_wconf 89' lang='lat' dir='ltr'>ruinis</span> <span class='ocrx_word' id='word_1_209' title='bbox 1164 3630 1418 3680; x_wconf 81' lang='lat' dir='ltr'>aedifieata</span> <span class='ocrx_word' id='word_1_210' title='bbox 1440 3632 1590 3693; x_wconf 84' lang='lat' dir='ltr'>oppi-</span> 
     </span>
     <span class='ocr_line' id='line_1_43' title="bbox 526 3704 1589 3774; baseline 0.001 -19"><span class='ocrx_word' id='word_1_211' title='bbox 526 3708 597 3756; x_wconf 91' lang='lat' dir='ltr'>da</span> <span class='ocrx_word' id='word_1_212' title='bbox 618 3709 737 3770; x_wconf 86' lang='lat' dir='ltr'>duo,</span> <span class='ocrx_word' id='word_1_213' title='bbox 763 3704 1170 3774; x_wconf 76' lang='lat' dir='ltr'>Saxoferratnm,</span> <span class='ocrx_word' id='word_1_214' title='bbox 1186 3712 1243 3755; x_wconf 89' lang='lat' dir='ltr'>et</span> <span class='ocrx_word' id='word_1_215' title='bbox 1259 3705 1589 3756; x_wconf 82' lang='lat' dir='ltr'>Fabrianum.</span> 
     </span>
     <span class='ocr_line' id='line_1_44' title="bbox 526 3783 1589 3841; baseline -0.002 -8"><span class='ocrx_word' id='word_1_216' title='bbox 526 3785 848 3834; x_wconf 80' lang='lat' dir='ltr'>Ptolemaeus</span> <span class='ocrx_word' id='word_1_217' title='bbox 872 3785 922 3832; x_wconf 89' lang='lat' dir='ltr'>in</span> <span class='ocrx_word' id='word_1_218' title='bbox 942 3783 1151 3832; x_wconf 84' lang='lat' dir='ltr'>Umbris</span> <span class='ocrx_word' id='word_1_219' title='bbox 1172 3784 1415 3841; x_wconf 86' lang='lat' dir='ltr'>collocat,</span> <span class='ocrx_word' id='word_1_220' title='bbox 1431 3784 1589 3832; x_wconf 90' lang='lat' dir='ltr'>Blon·</span> 
     </span>
     <span class='ocr_line' id='line_1_45' title="bbox 530 3860 1127 3909; baseline 0 0"><span class='ocrx_word' id='word_1_221' title='bbox 530 3860 625 3909; x_wconf 88' lang='lat' dir='ltr'>dus</span> <span class='ocrx_word' id='word_1_222' title='bbox 650 3861 701 3909; x_wconf 91' lang='lat' dir='ltr'>in</span> <span class='ocrx_word' id='word_1_223' title='bbox 724 3861 942 3909; x_wconf 85' lang='lat' dir='ltr'>Piceno.</span> <span class='ocrx_word' id='word_1_224' title='bbox 977 3861 1127 3909; x_wconf 64' lang='lat' dir='ltr'>idern.</span> 
     </span>
    </p>

    <p class='ocr_par' dir='ltr' id='par_1_12' title="bbox 530 3933 1597 4368">
     <span class='ocr_line' id='line_1_46' title="bbox 574 3933 1592 3998; baseline -0.001 -13"><span class='ocrx_word' id='word_1_225' title='bbox 574 3935 877 3998; x_wconf 77' lang='lat' dir='ltr'>&#39;ClusiolumJ</span> <span class='ocrx_word' id='word_1_226' title='bbox 933 3935 1179 3997; x_wconf 81' lang='lat' dir='ltr'>Quidam,</span> <span class='ocrx_word' id='word_1_227' title='bbox 1199 3933 1475 3995; x_wconf 71' lang='lat' dir='ltr'>Lucceium,</span> <span class='ocrx_word' id='word_1_228' title='bbox 1498 3950 1592 3998; x_wconf 86' lang='lat' dir='ltr'>op-</span> 
     </span>
     <span class='ocr_line' id='line_1_47' title="bbox 530 4009 1592 4075; baseline 0.001 -16"><span class='ocrx_word' id='word_1_229' title='bbox 530 4012 703 4075; x_wconf 85' lang='lat' dir='ltr'>pidum</span> <span class='ocrx_word' id='word_1_230' title='bbox 722 4012 772 4060; x_wconf 90' lang='lat' dir='ltr'>in</span> <span class='ocrx_word' id='word_1_231' title='bbox 796 4010 1046 4060; x_wconf 86' lang='lat' dir='ltr'>Flaminia</span> <span class='ocrx_word' id='word_1_232' title='bbox 1071 4009 1167 4067; x_wconf 82' lang='lat' dir='ltr'>via,</span> <span class='ocrx_word' id='word_1_233' title='bbox 1187 4024 1287 4073; x_wconf 87' lang='lat' dir='ltr'>qua</span> <span class='ocrx_word' id='word_1_234' title='bbox 1301 4009 1407 4060; x_wconf 78' lang='lat' dir='ltr'>itur</span> <span class='ocrx_word' id='word_1_235' title='bbox 1424 4011 1592 4075; x_wconf 86' lang='lat' dir='ltr'>Engu-</span> 
     </span>
     <span class='ocr_line' id='line_1_48' title="bbox 531 4087 1593 4148; baseline -0.001 -10"><span class='ocrx_word' id='word_1_236' title='bbox 531 4090 690 4148; x_wconf 86' lang='lat' dir='ltr'>bium‚</span> <span class='ocrx_word' id='word_1_237' title='bbox 710 4104 742 4138; x_wconf 91' lang='lat' dir='ltr'>a</span> <span class='ocrx_word' id='word_1_238' title='bbox 765 4088 1119 4148; x_wconf 77' lang='lat' dir='ltr'>Langobardis</span> <span class='ocrx_word' id='word_1_239' title='bbox 1154 4087 1415 4138; x_wconf 84' lang='lat' dir='ltr'>dirutum:</span> <span class='ocrx_word' id='word_1_240' title='bbox 1457 4089 1593 4138; x_wconf 88' lang='lat' dir='ltr'>Can-</span> 
     </span>
     <span class='ocr_line' id='line_1_49' title="bbox 532 4163 1595 4228; baseline -0.001 -14"><span class='ocrx_word' id='word_1_241' title='bbox 532 4166 684 4215; x_wconf 85' lang='lat' dir='ltr'>diano</span> <span class='ocrx_word' id='word_1_242' title='bbox 707 4164 901 4226; x_wconf 84' lang='lat' dir='ltr'>oppido</span> <span class='ocrx_word' id='word_1_243' title='bbox 924 4164 974 4212; x_wconf 90' lang='lat' dir='ltr'>in</span> <span class='ocrx_word' id='word_1_244' title='bbox 1013 4163 1129 4226; x_wconf 85' lang='lat' dir='ltr'>ejus</span> <span class='ocrx_word' id='word_1_245' title='bbox 1154 4163 1312 4212; x_wconf 87' lang='lat' dir='ltr'>ruinis</span> <span class='ocrx_word' id='word_1_246' title='bbox 1336 4170 1595 4228; x_wconf 58' lang='lat' dir='ltr'>extructo.</span> 
     </span>
     <span class='ocr_line' id='line_1_50' title="bbox 532 4238 1597 4291; baseline 0.002 -2"><span class='ocrx_word' id='word_1_247' title='bbox 532 4242 646 4290; x_wconf 88' lang='lat' dir='ltr'>Illic</span> <span class='ocrx_word' id='word_1_248' title='bbox 669 4239 857 4288; x_wconf 80' lang='lat' dir='ltr'>Totilae</span> <span class='ocrx_word' id='word_1_249' title='bbox 893 4254 1029 4289; x_wconf 86' lang='lat' dir='ltr'>mors</span> <span class='ocrx_word' id='word_1_250' title='bbox 1053 4238 1326 4290; x_wconf 86' lang='lat' dir='ltr'>Bellisario</span> <span class='ocrx_word' id='word_1_251' title='bbox 1348 4240 1597 4291; x_wconf 81' lang='lat' dir='ltr'>nunciata</span> 
     </span>
     <span class='ocr_line' id='line_1_51' title="bbox 533 4315 820 4368; baseline -0.014 0"><span class='ocrx_word' id='word_1_252' title='bbox 533 4324 633 4368; x_wconf 84' lang='lat' dir='ltr'>est.</span> <span class='ocrx_word' id='word_1_253' title='bbox 673 4315 820 4365; x_wconf 85' lang='lat' dir='ltr'>Idem.</span> 
     </span>
    </p>
   </div>
   <div class='ocr_carea' id='block_1_6' title="bbox 1089 397 2079 479">
    <p class='ocr_par' dir='ltr' id='par_1_13' title="bbox 1089 397 2079 479">
     <span class='ocr_line' id='line_1_52' title="bbox 1089 397 2079 479; baseline -0.01 -3"><span class='ocrx_word' id='word_1_254' title='bbox 1089 409 1108 472; x_wconf 67' lang='grc'><strong>1</strong></span> <span class='ocrx_word' id='word_1_255' title='bbox 1198 397 1876 479; x_wconf 51' lang='grc' dir='ltr'>ΝοτῶνᾼῐιιοκυΜ</span> <span class='ocrx_word' id='word_1_256' title='bbox 1929 419 2012 468; x_wconf 75' lang='lat' dir='ltr'>m</span> <span class='ocrx_word' id='word_1_257' title='bbox 2068 415 2079 423; x_wconf 85' lang='lat'><strong>·</strong></span> 
     </span>
    </p>
   </div>
   <div class='ocr_carea' id='block_1_7' title="bbox 1640 555 2775 4394">
    <p class='ocr_par' dir='ltr' id='par_1_14' title="bbox 1820 555 2517 624">
     <span class='ocr_line' id='line_1_53' title="bbox 1820 555 2517 624; baseline -0.009 -8"><span class='ocrx_word' id='word_1_258' title='bbox 1820 566 1959 616; x_wconf 75' lang='lat' dir='ltr'>CAP.</span> <span class='ocrx_word' id='word_1_259' title='bbox 1984 555 2078 615; x_wconf 76' lang='lat' dir='ltr'>x&#39;v.</span> <span class='ocrx_word' id='word_1_260' title='bbox 2151 556 2517 624; x_wconf 74' lang='lat' dir='ltr'>Octava&#39;regio.</span> 
     </span>
    </p>

    <p class='ocr_par' dir='ltr' id='par_1_15' title="bbox 1640 635 2728 1453">
     <span class='ocr_line' id='line_1_54' title="bbox 1707 635 2719 704; baseline -0.009 -10"><span class='ocrx_word' id='word_1_261' title='bbox 1707 643 1907 693; x_wconf 75' lang='lat' dir='ltr'>Huvius</span> <span class='ocrx_word' id='word_1_262' title='bbox 1949 644 2059 691; x_wconf 74' lang='lat' dir='ltr'>hino</span> <span class='ocrx_word' id='word_1_263' title='bbox 2105 640 2335 704; x_wconf 79' lang='lat' dir='ltr'>Rubrico]</span> <span class='ocrx_word' id='word_1_264' title='bbox 2368 638 2596 688; x_wconf 78' lang='lat' dir='ltr'>Labitur</span> <span class='ocrx_word' id='word_1_265' title='bbox 2633 635 2719 685; x_wconf 78' lang='lat' dir='ltr'>hie</span> 
     </span>
     <span class='ocr_line' id='line_1_55' title="bbox 1640 714 2717 769; baseline -0.006 0"><span class='ocrx_word' id='word_1_266' title='bbox 1640 720 1778 769; x_wconf 86' lang='lat' dir='ltr'>inter</span> <span class='ocrx_word' id='word_1_267' title='bbox 1799 720 2087 769; x_wconf 82' lang='lat' dir='ltr'>Ariminum</span> <span class='ocrx_word' id='word_1_268' title='bbox 2110 724 2168 768; x_wconf 88' lang='lat' dir='ltr'>et</span> <span class='ocrx_word' id='word_1_269' title='bbox 2191 719 2497 767; x_wconf 81' lang='lat' dir='ltr'>cesennam.</span> <span class='ocrx_word' id='word_1_270' title='bbox 2570 714 2717 763; x_wconf 82' lang='lat' dir='ltr'>Fluit</span> 
     </span>
     <span class='ocr_line' id='line_1_56' title="bbox 1641 785 2715 856; baseline -0.007 -11"><span class='ocrx_word' id='word_1_271' title='bbox 1641 797 1692 845; x_wconf 90' lang='lat' dir='ltr'>in</span> <span class='ocrx_word' id='word_1_272' title='bbox 1718 795 2044 845; x_wconf 85' lang='lat' dir='ltr'>Adriaticum</span> <span class='ocrx_word' id='word_1_273' title='bbox 2071 809 2229 849; x_wconf 85' lang='lat' dir='ltr'>mare,</span> <span class='ocrx_word' id='word_1_274' title='bbox 2263 798 2320 842; x_wconf 90' lang='lat' dir='ltr'>et</span> <span class='ocrx_word' id='word_1_275' title='bbox 2342 791 2482 856; x_wconf 83' lang='lat' dir='ltr'>quod</span> <span class='ocrx_word' id='word_1_276' title='bbox 2500 785 2586 840; x_wconf 75' lang='lat' dir='ltr'>‘ait</span> <span class='ocrx_word' id='word_1_277' title='bbox 2612 792 2715 839; x_wconf 88' lang='lat' dir='ltr'>Lu-</span> 
     </span>
     <span class='ocr_line' id='line_1_57' title="bbox 1642 867 2717 933; baseline -0.007 -13"><span class='ocrx_word' id='word_1_278' title='bbox 1642 885 1822 933; x_wconf 87' lang='lat' dir='ltr'>canus,</span> <span class='ocrx_word' id='word_1_279' title='bbox 1859 878 1873 900; x_wconf 85' lang='lat'>‘</span> <span class='ocrx_word' id='word_1_280' title='bbox 1897 872 2058 921; x_wconf 87' lang='lat' dir='ltr'>Fonte</span> <span class='ocrx_word' id='word_1_281' title='bbox 2083 870 2226 920; x_wconf 89' lang='lat' dir='ltr'>cadit</span> <span class='ocrx_word' id='word_1_282' title='bbox 2265 869 2491 924; x_wconf 82' lang='lat' dir='ltr'>modico,</span> <span class='ocrx_word' id='word_1_283' title='bbox 2516 867 2717 930; x_wconf 81' lang='lat' dir='ltr'>parvis·</span> 
     </span>
     <span class='ocr_line' id='line_1_58' title="bbox 1642 938 2720 1012; baseline -0.006 -16"><span class='ocrx_word' id='word_1_284' title='bbox 1642 961 1743 1012; x_wconf 87' lang='lat' dir='ltr'>que</span> <span class='ocrx_word' id='word_1_285' title='bbox 1784 948 2072 1009; x_wconf 85' lang='lat' dir='ltr'>impellitur</span> <span class='ocrx_word' id='word_1_286' title='bbox 2109 943 2299 995; x_wconf 65' lang='lat' dir='ltr'>undis!</span> <span class='ocrx_word' id='word_1_287' title='bbox 2369 938 2527 992; x_wconf 85' lang='lat' dir='ltr'>Circa</span> <span class='ocrx_word' id='word_1_288' title='bbox 2564 941 2720 1004; x_wconf 85' lang='lat' dir='ltr'>origi-</span> 
     </span>
     <span class='ocr_line' id='line_1_59' title="bbox 1643 1022 2721 1083; baseline -0.006 -11"><span class='ocrx_word' id='word_1_289' title='bbox 1643 1037 1762 1072; x_wconf 88' lang='lat' dir='ltr'>nem</span> <span class='ocrx_word' id='word_1_290' title='bbox 1801 1023 1966 1072; x_wconf 75' lang='lat' dir='ltr'>Racon</span> <span class='ocrx_word' id='word_1_291' title='bbox 2001 1023 2083 1071; x_wconf 84' lang='lat' dir='ltr'>vel</span> <span class='ocrx_word' id='word_1_292' title='bbox 2122 1022 2296 1083; x_wconf 75' lang='lat' dir='ltr'>Rugon</span> <span class='ocrx_word' id='word_1_293' title='bbox 2335 1025 2562 1068; x_wconf 78' lang='lat' dir='ltr'>vocant:</span> <span class='ocrx_word' id='word_1_294' title='bbox 2601 1031 2721 1066; x_wconf 83' lang='lat' dir='ltr'>cum</span> 
     </span>
     <span class='ocr_line' id='line_1_60' title="bbox 1645 1089 2723 1165; baseline -0.008 -16"><span class='ocrx_word' id='word_1_295' title='bbox 1645 1101 1850 1165; x_wconf 84' lang='lat' dir='ltr'>longius</span> <span class='ocrx_word' id='word_1_296' title='bbox 1891 1106 2169 1163; x_wconf 82' lang='lat' dir='ltr'>provectus</span> <span class='ocrx_word' id='word_1_297' title='bbox 2218 1104 2301 1146; x_wconf 86' lang='lat' dir='ltr'>est</span> <span class='ocrx_word' id='word_1_298' title='bbox 2341 1109 2481 1145; x_wconf 88' lang='lat' dir='ltr'>mare</span> <span class='ocrx_word' id='word_1_299' title='bbox 2520 1089 2723 1147; x_wconf 74' lang='lat' dir='ltr'>versus,</span> 
     </span>
     <span class='ocr_line' id='line_1_61' title="bbox 1648 1169 2725 1225; baseline -0.007 0"><span class='ocrx_word' id='word_1_300' title='bbox 1648 1177 1943 1225; x_wconf 78' lang='lat' dir='ltr'>Pisciatello.</span> <span class='ocrx_word' id='word_1_301' title='bbox 2011 1174 2257 1225; x_wconf 77' lang='lat' dir='ltr'>Straboni</span> <span class='ocrx_word' id='word_1_302' title='bbox 2307 1171 2547 1221; x_wconf 87' lang='lat' dir='ltr'>Rubicon</span> <span class='ocrx_word' id='word_1_303' title='bbox 2592 1169 2725 1219; x_wconf 86' lang='lat' dir='ltr'>labi·</span> 
     </span>
     <span class='ocr_line' id='line_1_62' title="bbox 1649 1239 2728 1301; baseline -0.005 -1"><span class='ocrx_word' id='word_1_304' title='bbox 1649 1259 1733 1301; x_wconf 86' lang='lat' dir='ltr'>tur</span> <span class='ocrx_word' id='word_1_305' title='bbox 1776 1252 1913 1299; x_wconf 84' lang='lat' dir='ltr'>inter</span> <span class='ocrx_word' id='word_1_306' title='bbox 1948 1239 2239 1299; x_wconf 78' lang='lat' dir='ltr'>Ariminum</span> <span class='ocrx_word' id='word_1_307' title='bbox 2288 1254 2343 1297; x_wconf 87' lang='lat' dir='ltr'>et</span> <span class='ocrx_word' id='word_1_308' title='bbox 2380 1248 2687 1295; x_wconf 81' lang='lat' dir='ltr'>Ravennam</span> <span class='ocrx_word' id='word_1_309' title='bbox 2710 1262 2728 1295; x_wconf 66' lang='grc' dir='ltr'>ι</span> 
     </span>
     <span class='ocr_line' id='line_1_63' title="bbox 1648 1321 2727 1385; baseline -0.006 -9"><span class='ocrx_word' id='word_1_310' title='bbox 1648 1328 1760 1377; x_wconf 85' lang='lat' dir='ltr'>exit</span> <span class='ocrx_word' id='word_1_311' title='bbox 1783 1326 1923 1375; x_wconf 86' lang='lat' dir='ltr'>inter</span> <span class='ocrx_word' id='word_1_312' title='bbox 1947 1325 2213 1375; x_wconf 85' lang='lat' dir='ltr'>Anconem</span> <span class='ocrx_word' id='word_1_313' title='bbox 2255 1330 2310 1372; x_wconf 90' lang='lat' dir='ltr'>et</span> <span class='ocrx_word' id='word_1_314' title='bbox 2347 1321 2727 1385; x_wconf 79' lang='lat' dir='ltr'>senogalliam.</span> 
     </span>
     <span class='ocr_line' id='line_1_64' title="bbox 1652 1403 1822 1453; baseline -0.006 0"><span class='ocrx_word' id='word_1_315' title='bbox 1652 1403 1822 1453; x_wconf 72' lang='lat' dir='ltr'>Delec-</span> 
     </span>
    </p>

    <p class='ocr_par' dir='ltr' id='par_1_16' title="bbox 1649 1472 2743 2612">
     <span class='ocr_line' id='line_1_65' title="bbox 1716 1472 2733 1541; baseline -0.004 -15"><span class='ocrx_word' id='word_1_316' title='bbox 1716 1477 1886 1541; x_wconf 78' lang='lat' dir='ltr'>Sapis]</span> <span class='ocrx_word' id='word_1_317' title='bbox 1919 1476 2092 1541; x_wconf 84' lang='lat' dir='ltr'>Sapis,</span> <span class='ocrx_word' id='word_1_318' title='bbox 2116 1489 2213 1539; x_wconf 87' lang='lat' dir='ltr'>per</span> <span class='ocrx_word' id='word_1_319' title='bbox 2246 1472 2500 1525; x_wconf 86' lang='lat' dir='ltr'>Candiam</span> <span class='ocrx_word' id='word_1_320' title='bbox 2533 1474 2733 1523; x_wconf 81' lang='lat' dir='ltr'>vallem</span> 
     </span>
     <span class='ocr_line' id='line_1_66' title="bbox 1651 1550 2732 1617; baseline -0.006 -13"><span class='ocrx_word' id='word_1_321' title='bbox 1651 1556 1914 1604; x_wconf 67' lang='lat' dir='ltr'>Ravennae</span> <span class='ocrx_word' id='word_1_322' title='bbox 1935 1553 2285 1617; x_wconf 76' lang='lat' dir='ltr'>propinquam</span> <span class='ocrx_word' id='word_1_323' title='bbox 2299 1550 2489 1614; x_wconf 81' lang='lat' dir='ltr'>fluens,</span> <span class='ocrx_word' id='word_1_324' title='bbox 2511 1556 2732 1615; x_wconf 85' lang='lat' dir='ltr'>portum</span> 
     </span>
     <span class='ocr_line' id='line_1_67' title="bbox 1649 1628 2734 1692; baseline -0.005 -12"><span class='ocrx_word' id='word_1_325' title='bbox 1649 1631 1768 1680; x_wconf 91' lang='lat' dir='ltr'>olim</span> <span class='ocrx_word' id='word_1_326' title='bbox 1787 1629 2019 1680; x_wconf 82' lang='lat' dir='ltr'>faciebat</span> <span class='ocrx_word' id='word_1_327' title='bbox 2042 1628 2534 1685; x_wconf 70' lang='lat' dir='ltr'>commodissimum,</span> <span class='ocrx_word' id='word_1_328' title='bbox 2553 1629 2607 1677; x_wconf 89' lang='lat' dir='ltr'>in</span> <span class='ocrx_word' id='word_1_329' title='bbox 2625 1642 2734 1692; x_wconf 83' lang='lat' dir='ltr'>quo</span> 
     </span>
     <span class='ocr_line' id='line_1_68' title="bbox 1652 1702 2735 1772; baseline -0.002 -17"><span class='ocrx_word' id='word_1_330' title='bbox 1652 1705 1921 1769; x_wconf 81' lang='lat' dir='ltr'>Augustus</span> <span class='ocrx_word' id='word_1_331' title='bbox 1955 1706 2171 1755; x_wconf 76' lang='lat' dir='ltr'>classem</span> <span class='ocrx_word' id='word_1_332' title='bbox 2209 1705 2456 1768; x_wconf 86' lang='lat' dir='ltr'>instituit,</span> <span class='ocrx_word' id='word_1_333' title='bbox 2495 1719 2619 1772; x_wconf 82' lang='lat' dir='ltr'>quae</span> <span class='ocrx_word' id='word_1_334' title='bbox 2658 1702 2735 1753; x_wconf 84' lang='lat' dir='ltr'>A·</span> 
     </span>
     <span class='ocr_line' id='line_1_69' title="bbox 1650 1777 2736 1846; baseline -0.003 -14"><span class='ocrx_word' id='word_1_335' title='bbox 1650 1783 1925 1832; x_wconf 84' lang='lat' dir='ltr'>driaticum</span> <span class='ocrx_word' id='word_1_336' title='bbox 1972 1796 2112 1831; x_wconf 79' lang='lat' dir='ltr'>mare</span> <span class='ocrx_word' id='word_1_337' title='bbox 2164 1777 2477 1831; x_wconf 53' lang='lat' dir='ltr'>custodit-eh</span> <span class='ocrx_word' id='word_1_338' title='bbox 2538 1781 2736 1846; x_wconf 84' lang='lat' dir='ltr'>Itaque</span> 
     </span>
     <span class='ocr_line' id='line_1_70' title="bbox 1650 1859 2737 1922; baseline -0.003 -13"><span class='ocrx_word' id='word_1_339' title='bbox 1650 1859 1944 1915; x_wconf 78' lang='lat' dir='ltr'>nautarum,</span> <span class='ocrx_word' id='word_1_340' title='bbox 1959 1859 2590 1922; x_wconf 81' lang='lat' dir='ltr'>remigum,mercatorum</span> <span class='ocrx_word' id='word_1_341' title='bbox 2608 1871 2737 1907; x_wconf 86' lang='lat' dir='ltr'>con·</span> 
     </span>
     <span class='ocr_line' id='line_1_71' title="bbox 1650 1934 2736 1999; baseline -0.002 -14"><span class='ocrx_word' id='word_1_342' title='bbox 1650 1949 1802 1987; x_wconf 81' lang='lat' dir='ltr'>cursu</span> <span class='ocrx_word' id='word_1_343' title='bbox 1827 1937 1998 1999; x_wconf 81' lang='lat' dir='ltr'>ampla</span> <span class='ocrx_word' id='word_1_344' title='bbox 2015 1936 2121 1984; x_wconf 86' lang='lat' dir='ltr'>illic</span> <span class='ocrx_word' id='word_1_345' title='bbox 2143 1935 2346 1983; x_wconf 86' lang='lat' dir='ltr'>civitas.</span> <span class='ocrx_word' id='word_1_346' title='bbox 2368 1965 2375 1970; x_wconf 83' lang='lat'><em>.</em></span> <span class='ocrx_word' id='word_1_347' title='bbox 2395 1935 2597 1984; x_wconf 80' lang='lat' dir='ltr'>Classis</span> <span class='ocrx_word' id='word_1_348' title='bbox 2623 1934 2736 1983; x_wconf 72' lang='lat' dir='ltr'>Ra-</span> 
     </span>
     <span class='ocr_line' id='line_1_72' title="bbox 1651 2008 2743 2075; baseline -0.005 -12"><span class='ocrx_word' id='word_1_349' title='bbox 1651 2020 1947 2073; x_wconf 81' lang='lat' dir='ltr'>vennatum,</span> <span class='ocrx_word' id='word_1_350' title='bbox 1980 2012 2092 2062; x_wconf 85' lang='lat' dir='ltr'>sive</span> <span class='ocrx_word' id='word_1_351' title='bbox 2126 2011 2438 2075; x_wconf 85' lang='lat' dir='ltr'>Classensis,</span> <span class='ocrx_word' id='word_1_352' title='bbox 2464 2008 2743 2059; x_wconf 78' lang='lat' dir='ltr'>aedificata</span> 
     </span>
     <span class='ocr_line' id='line_1_73' title="bbox 1652 2085 2742 2151; baseline -0.005 -12"><span class='ocrx_word' id='word_1_353' title='bbox 1652 2098 1736 2139; x_wconf 86' lang='lat' dir='ltr'>est</span> <span class='ocrx_word' id='word_1_354' title='bbox 1767 2088 1876 2139; x_wconf 77' lang='lat' dir='ltr'>divi</span> <span class='ocrx_word' id='word_1_355' title='bbox 1928 2087 2169 2151; x_wconf 80' lang='lat' dir='ltr'>Gregorii</span> <span class='ocrx_word' id='word_1_356' title='bbox 2203 2088 2396 2136; x_wconf 83' lang='lat' dir='ltr'>saeculo</span> <span class='ocrx_word' id='word_1_357' title='bbox 2436 2085 2742 2150; x_wconf 84' lang='lat' dir='ltr'>Episcopa-</span> 
     </span>
     <span class='ocr_line' id='line_1_74' title="bbox 1652 2162 2740 2230; baseline -0.003 -15"><span class='ocrx_word' id='word_1_358' title='bbox 1652 2173 1758 2230; x_wconf 85' lang='lat' dir='ltr'>tus,</span> <span class='ocrx_word' id='word_1_359' title='bbox 1793 2180 1824 2214; x_wconf 90' lang='lat' dir='ltr'>a</span> <span class='ocrx_word' id='word_1_360' title='bbox 1847 2163 2177 2227; x_wconf 85' lang='lat' dir='ltr'>Luitpraudo</span> <span class='ocrx_word' id='word_1_361' title='bbox 2201 2162 2325 2227; x_wconf 77' lang='lat' dir='ltr'>rege</span> <span class='ocrx_word' id='word_1_362' title='bbox 2354 2163 2740 2227; x_wconf 79' lang='lat' dir='ltr'>Longobardo·</span> 
     </span>
     <span class='ocr_line' id='line_1_75' title="bbox 1655 2239 2740 2305; baseline -0.002 -15"><span class='ocrx_word' id='word_1_363' title='bbox 1655 2256 1769 2291; x_wconf 86' lang='lat' dir='ltr'>rum</span> <span class='ocrx_word' id='word_1_364' title='bbox 1792 2248 1952 2305; x_wconf 83' lang='lat' dir='ltr'>capta</span> <span class='ocrx_word' id='word_1_365' title='bbox 1975 2248 2031 2291; x_wconf 90' lang='lat' dir='ltr'>et</span> <span class='ocrx_word' id='word_1_366' title='bbox 2052 2241 2245 2303; x_wconf 85' lang='lat' dir='ltr'>diruta,</span> <span class='ocrx_word' id='word_1_367' title='bbox 2263 2239 2410 2303; x_wconf 85' lang='lat' dir='ltr'>eujus</span> <span class='ocrx_word' id='word_1_368' title='bbox 2430 2240 2600 2289; x_wconf 84' lang='lat' dir='ltr'>exilia</span> <span class='ocrx_word' id='word_1_369' title='bbox 2620 2253 2740 2288; x_wconf 82' lang='lat' dir='ltr'>ves-</span> 
     </span>
     <span class='ocr_line' id='line_1_76' title="bbox 1655 2316 2740 2382; baseline -0.004 -15"><span class='ocrx_word' id='word_1_370' title='bbox 1655 2318 1789 2382; x_wconf 84' lang='lat' dir='ltr'>tigia</span> <span class='ocrx_word' id='word_1_371' title='bbox 1831 2331 1970 2367; x_wconf 86' lang='lat' dir='ltr'>nunc</span> <span class='ocrx_word' id='word_1_372' title='bbox 2027 2324 2250 2378; x_wconf 82' lang='lat' dir='ltr'>restant,</span> <span class='ocrx_word' id='word_1_373' title='bbox 2311 2318 2566 2380; x_wconf 85' lang='lat' dir='ltr'>templum</span> <span class='ocrx_word' id='word_1_374' title='bbox 2625 2316 2740 2364; x_wconf 82' lang='lat' dir='ltr'>divi</span> 
     </span>
     <span class='ocr_line' id='line_1_77' title="bbox 1658 2394 2738 2462; baseline -0.004 -16"><span class='ocrx_word' id='word_1_375' title='bbox 1658 2395 1993 2462; x_wconf 82' lang='lat' dir='ltr'>Apollinaris,</span> <span class='ocrx_word' id='word_1_376' title='bbox 2025 2403 2321 2445; x_wconf 82' lang='lat' dir='ltr'>extructum</span> <span class='ocrx_word' id='word_1_377' title='bbox 2351 2409 2382 2443; x_wconf 92' lang='lat' dir='ltr'>a</span> <span class='ocrx_word' id='word_1_378' title='bbox 2402 2394 2738 2444; x_wconf 80' lang='lat' dir='ltr'>Theodorico</span> 
     </span>
     <span class='ocr_line' id='line_1_78' title="bbox 1656 2471 2739 2537; baseline -0.002 -15"><span class='ocrx_word' id='word_1_379' title='bbox 1656 2487 1782 2537; x_wconf 77' lang='lat' dir='ltr'>rege</span> <span class='ocrx_word' id='word_1_380' title='bbox 1807 2471 2265 2536; x_wconf 80' lang='lat' dir='ltr'>ostrogothorum,</span> <span class='ocrx_word' id='word_1_381' title='bbox 2297 2485 2585 2527; x_wconf 82' lang='lat' dir='ltr'>murorum,</span> <span class='ocrx_word' id='word_1_382' title='bbox 2616 2484 2739 2533; x_wconf 83' lang='lat' dir='ltr'>por·</span> 
     </span>
     <span class='ocr_line' id='line_1_79' title="bbox 1660 2546 2679 2612; baseline -0.004 -12"><span class='ocrx_word' id='word_1_383' title='bbox 1660 2557 1765 2607; x_wconf 80' lang='lat' dir='ltr'>tus,</span> <span class='ocrx_word' id='word_1_384' title='bbox 1785 2556 1840 2598; x_wconf 85' lang='lat' dir='ltr'>et</span> <span class='ocrx_word' id='word_1_385' title='bbox 1862 2548 2021 2597; x_wconf 82' lang='lat' dir='ltr'>Phari</span> <span class='ocrx_word' id='word_1_386' title='bbox 2045 2548 2283 2612; x_wconf 81' lang='lat' dir='ltr'>quaedam</span> <span class='ocrx_word' id='word_1_387' title='bbox 2308 2546 2490 2595; x_wconf 84' lang='lat' dir='ltr'>ruinae.</span> <span class='ocrx_word' id='word_1_388' title='bbox 2523 2547 2679 2596; x_wconf 70' lang='lat' dir='ltr'>Idem.</span> 
     </span>
    </p>

    <p class='ocr_par' dir='ltr' id='par_1_17' title="bbox 1659 2623 2775 2928">
     <span class='ocr_line' id='line_1_80' title="bbox 1664 2623 2732 2688; baseline 0.001 -17"><span class='ocrx_word' id='word_1_389' title='bbox 1664 2665 1667 2670; x_wconf 92' lang='lat'><em>.</em></span> <span class='ocrx_word' id='word_1_390' title='bbox 1714 2624 2000 2686; x_wconf 74' lang='lat' dir='ltr'>Brixillum,</span> <span class='ocrx_word' id='word_1_391' title='bbox 2015 2624 2236 2687; x_wconf 76' lang='lat' dir='ltr'>Mutina]</span> <span class='ocrx_word' id='word_1_392' title='bbox 2251 2623 2590 2688; x_wconf 75' lang='lat' dir='ltr'>Ptolemaeus‚</span> <span class='ocrx_word' id='word_1_393' title='bbox 2605 2626 2732 2674; x_wconf 87' lang='lat' dir='ltr'>Sue-</span> 
     </span>
     <span class='ocr_line' id='line_1_81' title="bbox 1660 2701 2736 2765; baseline -0.002 -14"><span class='ocrx_word' id='word_1_394' title='bbox 1660 2702 1852 2758; x_wconf 84' lang='lat' dir='ltr'>tonius,</span> <span class='ocrx_word' id='word_1_395' title='bbox 1882 2702 2164 2765; x_wconf 64' lang='lat' dir='ltr'>sompnus,</span> <span class='ocrx_word' id='word_1_396' title='bbox 2199 2702 2494 2750; x_wconf 57' lang='lat' dir='ltr'>Brixellum.</span> <span class='ocrx_word' id='word_1_397' title='bbox 2565 2701 2736 2750; x_wconf 81' lang='lat' dir='ltr'>Vetus</span> 
     </span>
     <span class='ocr_line' id='line_1_82' title="bbox 1659 2777 2737 2843; baseline -0.002 -13"><span class='ocrx_word' id='word_1_398' title='bbox 1659 2780 1835 2836; x_wconf 85' lang='lat' dir='ltr'>lectio,</span> <span class='ocrx_word' id='word_1_399' title='bbox 1873 2779 2026 2829; x_wconf 88' lang='lat' dir='ltr'>modo</span> <span class='ocrx_word' id='word_1_400' title='bbox 2048 2777 2524 2843; x_wconf 70' lang='lat' dir='ltr'>Brixillum,‘modo</span> <span class='ocrx_word' id='word_1_401' title='bbox 2560 2780 2737 2829; x_wconf 73' lang='lat' dir='ltr'>Brux-</span> 
     </span>
     <span class='ocr_line' id='line_1_83' title="bbox 1660 2856 2775 2928; baseline 0 -23"><span class='ocrx_word' id='word_1_402' title='bbox 1660 2856 1811 2906; x_wconf 74' lang='lat' dir='ltr'>t&#39;llum.</span> <span class='ocrx_word' id='word_1_403' title='bbox 1845 2856 2077 2906; x_wconf 85' lang='lat' dir='ltr'>Pintian.</span> <span class='ocrx_word' id='word_1_404' title='bbox 2768 2919 2775 2928; x_wconf 30' lang='grc' dir='ltr'><strong>ι</strong></span> 
     </span>
    </p>

    <p class='ocr_par' dir='ltr' id='par_1_18' title="bbox 1655 2932 2744 3152">
     <span class='ocr_line' id='line_1_84' title="bbox 1729 2932 2740 2999; baseline 0.001 -17"><span class='ocrx_word' id='word_1_405' title='bbox 1729 2933 2004 2997; x_wconf 73' lang='lat' dir='ltr'>Placentia]</span> <span class='ocrx_word' id='word_1_406' title='bbox 2063 2932 2148 2983; x_wconf 88' lang='lat' dir='ltr'>Ad</span> <span class='ocrx_word' id='word_1_407' title='bbox 2193 2934 2245 2983; x_wconf 90' lang='lat' dir='ltr'>id</span> <span class='ocrx_word' id='word_1_408' title='bbox 2290 2948 2476 2984; x_wconf 87' lang='lat' dir='ltr'>nomen</span> <span class='ocrx_word' id='word_1_409' title='bbox 2518 2939 2740 2999; x_wconf 82' lang='lat' dir='ltr'>spectat</span> 
     </span>
     <span class='ocr_line' id='line_1_85' title="bbox 1655 3009 2744 3075; baseline 0.002 -17"><span class='ocrx_word' id='word_1_410' title='bbox 1655 3009 1807 3073; x_wconf 82' lang='lat' dir='ltr'>jocus</span> <span class='ocrx_word' id='word_1_411' title='bbox 1826 3010 2002 3059; x_wconf 89' lang='lat' dir='ltr'>Plauti</span> <span class='ocrx_word' id='word_1_412' title='bbox 2023 3011 2076 3059; x_wconf 89' lang='lat' dir='ltr'>in</span> <span class='ocrx_word' id='word_1_413' title='bbox 2093 3010 2328 3074; x_wconf 83' lang='lat' dir='ltr'>Captivis</span> <span class='ocrx_word' id='word_1_414' title='bbox 2346 3027 2361 3061; x_wconf 72' lang='grc' dir='ltr'><strong><em>ε</em></strong></span> <span class='ocrx_word' id='word_1_415' title='bbox 2384 3013 2401 3041; x_wconf 79' lang='lat'>⁴</span> <span class='ocrx_word' id='word_1_416' title='bbox 2424 3013 2577 3075; x_wconf 88' lang='lat' dir='ltr'>Opus</span> <span class='ocrx_word' id='word_1_417' title='bbox 2591 3011 2744 3075; x_wconf 84' lang='lat' dir='ltr'>pani-</span> 
     </span>
     <span class='ocr_line' id='line_1_86' title="bbox 1665 3087 2707 3152; baseline 0.003 -18"><span class='ocrx_word' id='word_1_418' title='bbox 1665 3087 1794 3149; x_wconf 85' lang='lat' dir='ltr'>eeis‚</span> <span class='ocrx_word' id='word_1_419' title='bbox 1816 3100 1947 3150; x_wconf 85' lang='lat' dir='ltr'>opus</span> <span class='ocrx_word' id='word_1_420' title='bbox 1972 3087 2228 3150; x_wconf 86' lang='lat' dir='ltr'>placentis</span> <span class='ocrx_word' id='word_1_421' title='bbox 2251 3087 2491 3152; x_wconf 60' lang='lat' dir='ltr'>qnoque?</span> <span class='ocrx_word' id='word_1_422' title='bbox 2523 3089 2707 3137; x_wconf 79' lang='lat' dir='ltr'>Dalec.</span> 
     </span>
    </p>

    <p class='ocr_par' dir='ltr' id='par_1_19' title="bbox 1663 3160 2747 4060">
     <span class='ocr_line' id='line_1_87' title="bbox 1733 3160 2742 3227; baseline 0.004 -18"><span class='ocrx_word' id='word_1_423' title='bbox 1733 3160 1936 3225; x_wconf 78' lang='lat' dir='ltr'>Popilii]</span> <span class='ocrx_word' id='word_1_424' title='bbox 1969 3162 2289 3225; x_wconf 81' lang='lat' dir='ltr'>Pompilium</span> <span class='ocrx_word' id='word_1_425' title='bbox 2304 3163 2457 3213; x_wconf 84' lang='lat' dir='ltr'>hodie</span> <span class='ocrx_word' id='word_1_426' title='bbox 2475 3163 2742 3227; x_wconf 68' lang='lat' dir='ltr'>For-ampo-</span> 
     </span>
     <span class='ocr_line' id='line_1_88' title="bbox 1663 3236 2743 3303; baseline 0.004 -17"><span class='ocrx_word' id='word_1_427' title='bbox 1663 3237 1784 3286; x_wconf 71' lang='grc' dir='ltr'><strong><em>σοῖο.</em></strong></span> <span class='ocrx_word' id='word_1_428' title='bbox 1837 3236 1986 3288; x_wconf 87' lang='lat' dir='ltr'>Anno</span> <span class='ocrx_word' id='word_1_429' title='bbox 2021 3241 2137 3288; x_wconf 77' lang='lat'><strong>⁷00.</strong></span> <span class='ocrx_word' id='word_1_430' title='bbox 2173 3238 2493 3289; x_wconf 80' lang='lat' dir='ltr'>Crimoaldus</span> <span class='ocrx_word' id='word_1_431' title='bbox 2529 3240 2743 3303; x_wconf 79' lang='lat' dir='ltr'>Longo-</span> 
     </span>
     <span class='ocr_line' id='line_1_89' title="bbox 1665 3309 2746 3375; baseline 0.005 -14"><span class='ocrx_word' id='word_1_432' title='bbox 1665 3312 1946 3363; x_wconf 88' lang='lat' dir='ltr'>bardorum</span> <span class='ocrx_word' id='word_1_433' title='bbox 1970 3315 2234 3375; x_wconf 77' lang='lat' dir='ltr'>tyrannus,</span> <span class='ocrx_word' id='word_1_434' title='bbox 2250 3309 2567 3365; x_wconf 81' lang='lat' dir='ltr'>die&#39;Sabbati</span> <span class='ocrx_word' id='word_1_435' title='bbox 2588 3329 2746 3366; x_wconf 84' lang='lat' dir='ltr'>sanc-</span> 
     </span>
     <span class='ocr_line' id='line_1_90' title="bbox 1667 3389 2746 3455; baseline 0.005 -18"><span class='ocrx_word' id='word_1_436' title='bbox 1667 3394 1741 3453; x_wconf 88' lang='lat' dir='ltr'>to,</span> <span class='ocrx_word' id='word_1_437' title='bbox 1764 3403 1880 3438; x_wconf 89' lang='lat' dir='ltr'>cum</span> <span class='ocrx_word' id='word_1_438' title='bbox 1905 3389 2143 3438; x_wconf 78' lang='lat' dir='ltr'>chrisma</span> <span class='ocrx_word' id='word_1_439' title='bbox 2169 3391 2440 3455; x_wconf 84' lang='lat' dir='ltr'>conceptis</span> <span class='ocrx_word' id='word_1_440' title='bbox 2460 3392 2637 3442; x_wconf 84' lang='lat' dir='ltr'>verbis</span> <span class='ocrx_word' id='word_1_441' title='bbox 2660 3408 2746 3442; x_wconf 87' lang='lat' dir='ltr'>sa-</span> 
     </span>
     <span class='ocr_line' id='line_1_91' title="bbox 1667 3468 2747 3531; baseline -0.002 -14"><span class='ocrx_word' id='word_1_442' title='bbox 1667 3474 1923 3525; x_wconf 84' lang='lat' dir='ltr'>craretur,</span> <span class='ocrx_word' id='word_1_443' title='bbox 1961 3481 2028 3516; x_wconf 84' lang='lat' dir='ltr'>ex</span> <span class='ocrx_word' id='word_1_444' title='bbox 2062 3468 2261 3517; x_wconf 80' lang='lat' dir='ltr'>insidiis</span> <span class='ocrx_word' id='word_1_445' title='bbox 2302 3476 2513 3531; x_wconf 88' lang='lat' dir='ltr'>captam</span> <span class='ocrx_word' id='word_1_446' title='bbox 2561 3469 2747 3518; x_wconf 80' lang='lat' dir='ltr'>diruit.</span> 
     </span>
     <span class='ocr_line' id='line_1_92' title="bbox 1666 3546 2747 3612; baseline 0.001 -15"><span class='ocrx_word' id='word_1_447' title='bbox 1666 3547 1898 3598; x_wconf 85' lang='lat' dir='ltr'>Eandem</span> <span class='ocrx_word' id='word_1_448' title='bbox 1919 3546 2218 3597; x_wconf 84' lang='lat' dir='ltr'>restitutam</span> <span class='ocrx_word' id='word_1_449' title='bbox 2234 3561 2263 3596; x_wconf 88' lang='lat' dir='ltr'>a</span> <span class='ocrx_word' id='word_1_450' title='bbox 2284 3547 2747 3612; x_wconf 82' lang='lat' dir='ltr'>Foropovoliensi-</span> 
     </span>
     <span class='ocr_line' id='line_1_93' title="bbox 1666 3624 2747 3690; baseline 0 -15"><span class='ocrx_word' id='word_1_451' title='bbox 1666 3626 1760 3676; x_wconf 80' lang='lat' dir='ltr'>bus</span> <span class='ocrx_word' id='word_1_452' title='bbox 1795 3625 2027 3690; x_wconf 81' lang='lat' dir='ltr'>AEgidius</span> <span class='ocrx_word' id='word_1_453' title='bbox 2062 3624 2348 3674; x_wconf 82' lang='lat' dir='ltr'>cardinalis</span> <span class='ocrx_word' id='word_1_454' title='bbox 2383 3626 2629 3676; x_wconf 81' lang='lat' dir='ltr'>ecclesiae</span> <span class='ocrx_word' id='word_1_455' title='bbox 2667 3628 2747 3675; x_wconf 85' lang='lat' dir='ltr'>le·</span> 
     </span>
     <span class='ocr_line' id='line_1_94' title="bbox 1669 3700 2745 3767; baseline 0.001 -16"><span class='ocrx_word' id='word_1_456' title='bbox 1669 3710 1822 3767; x_wconf 81' lang='lat' dir='ltr'>gatus</span> <span class='ocrx_word' id='word_1_457' title='bbox 1852 3702 2058 3764; x_wconf 85' lang='lat' dir='ltr'>evertit,</span> <span class='ocrx_word' id='word_1_458' title='bbox 2092 3710 2148 3751; x_wconf 87' lang='lat' dir='ltr'>et</span> <span class='ocrx_word' id='word_1_459' title='bbox 2182 3709 2356 3751; x_wconf 87' lang='lat' dir='ltr'>aratro</span> <span class='ocrx_word' id='word_1_460' title='bbox 2382 3700 2620 3752; x_wconf 84' lang='lat' dir='ltr'>suffodit.</span> <span class='ocrx_word' id='word_1_461' title='bbox 2671 3704 2745 3752; x_wconf 89' lang='lat' dir='ltr'>E-</span> 
     </span>
     <span class='ocr_line' id='line_1_95' title="bbox 1665 3778 2746 3842; baseline 0 -14"><span class='ocrx_word' id='word_1_462' title='bbox 1665 3779 1969 3842; x_wconf 86' lang='lat' dir='ltr'>piscopatus</span> <span class='ocrx_word' id='word_1_463' title='bbox 2017 3778 2298 3826; x_wconf 83' lang='lat' dir='ltr'>translatus</span> <span class='ocrx_word' id='word_1_464' title='bbox 2334 3785 2417 3827; x_wconf 87' lang='lat' dir='ltr'>est</span> <span class='ocrx_word' id='word_1_465' title='bbox 2453 3778 2508 3827; x_wconf 89' lang='lat' dir='ltr'>in</span> <span class='ocrx_word' id='word_1_466' title='bbox 2548 3779 2746 3828; x_wconf 82' lang='lat' dir='ltr'>Forum</span> 
     </span>
     <span class='ocr_line' id='line_1_96' title="bbox 1664 3854 2746 3922; baseline 0 -16"><span class='ocrx_word' id='word_1_467' title='bbox 1664 3857 2059 3914; x_wconf 81' lang='lat' dir='ltr'>Britannorum,</span> <span class='ocrx_word' id='word_1_468' title='bbox 2071 3854 2223 3903; x_wconf 85' lang='lat' dir='ltr'>hodie</span> <span class='ocrx_word' id='word_1_469' title='bbox 2248 3856 2508 3918; x_wconf 78' lang='lat' dir='ltr'>Bretenmt,</span> <span class='ocrx_word' id='word_1_470' title='bbox 2525 3870 2622 3919; x_wconf 89' lang='lat' dir='ltr'>pro</span> <span class='ocrx_word' id='word_1_471' title='bbox 2636 3871 2746 3922; x_wconf 82' lang='lat' dir='ltr'>quo</span> 
     </span>
     <span class='ocr_line' id='line_1_97' title="bbox 1667 3931 2745 3997; baseline 0 -15"><span class='ocrx_word' id='word_1_472' title='bbox 1667 3934 1750 3983; x_wconf 85' lang='lat' dir='ltr'>hie</span> <span class='ocrx_word' id='word_1_473' title='bbox 1771 3933 1963 3997; x_wconf 83' lang='lat' dir='ltr'>legitur</span> <span class='ocrx_word' id='word_1_474' title='bbox 1986 3933 2167 3982; x_wconf 78' lang='lat' dir='ltr'>Forum</span> <span class='ocrx_word' id='word_1_475' title='bbox 2192 3931 2579 3982; x_wconf 53' lang='lat' dir='ltr'>Truentinum.</span> <span class='ocrx_word' id='word_1_476' title='bbox 2626 3933 2745 3982; x_wconf 80' lang='lat' dir='ltr'>Da·</span> 
     </span>
     <span class='ocr_line' id='line_1_98' title="bbox 1669 4011 1841 4060; baseline -0.012 -1"><span class='ocrx_word' id='word_1_477' title='bbox 1669 4011 1768 4060; x_wconf 88' lang='lat' dir='ltr'>lec.</span> <span class='ocrx_word' id='word_1_478' title='bbox 1835 4040 1841 4047; x_wconf 88' lang='lat'><em>-</em></span> 
     </span>
    </p>

    <p class='ocr_par' dir='ltr' id='par_1_20' title="bbox 1671 4083 2750 4394">
     <span class='ocr_line' id='line_1_99' title="bbox 1740 4083 2746 4149; baseline 0.002 -16"><span class='ocrx_word' id='word_1_479' title='bbox 1740 4086 1976 4149; x_wconf 82' lang='lat' dir='ltr'>Cornelii]</span> <span class='ocrx_word' id='word_1_480' title='bbox 2008 4085 2195 4133; x_wconf 88' lang='lat' dir='ltr'>Forum</span> <span class='ocrx_word' id='word_1_481' title='bbox 2220 4083 2467 4148; x_wconf 85' lang='lat' dir='ltr'>Cornelii,</span> <span class='ocrx_word' id='word_1_482' title='bbox 2488 4099 2519 4133; x_wconf 90' lang='lat' dir='ltr'>a</span> <span class='ocrx_word' id='word_1_483' title='bbox 2543 4085 2746 4135; x_wconf 80' lang='lat' dir='ltr'>Narse-</span> 
     </span>
     <span class='ocr_line' id='line_1_100' title="bbox 1671 4155 2748 4223; baseline -0.004 -9"><span class='ocrx_word' id='word_1_484' title='bbox 1671 4164 1742 4214; x_wconf 86' lang='lat' dir='ltr'>tis</span> <span class='ocrx_word' id='word_1_485' title='bbox 1779 4162 2027 4212; x_wconf 90' lang='lat' dir='ltr'>militibus</span> <span class='ocrx_word' id='word_1_486' title='bbox 2063 4162 2314 4223; x_wconf 85' lang='lat' dir='ltr'>dirutum,</span> <span class='ocrx_word' id='word_1_487' title='bbox 2355 4155 2572 4223; x_wconf 86' lang='lat' dir='ltr'>Clepbis</span> <span class='ocrx_word' id='word_1_488' title='bbox 2604 4162 2748 4210; x_wconf 78' lang='lat' dir='ltr'>Lon·</span> 
     </span>
     <span class='ocr_line' id='line_1_101' title="bbox 1674 4235 2750 4304; baseline -0.003 -15"><span class='ocrx_word' id='word_1_489' title='bbox 1674 4238 2015 4304; x_wconf 70' lang='lat' dir='ltr'>gobal-dorum</span> <span class='ocrx_word' id='word_1_490' title='bbox 2042 4245 2289 4301; x_wconf 82' lang='lat' dir='ltr'>tyrannus</span> <span class='ocrx_word' id='word_1_491' title='bbox 2312 4235 2493 4285; x_wconf 79' lang='lat' dir='ltr'>Imolae</span> <span class='ocrx_word' id='word_1_492' title='bbox 2526 4236 2750 4286; x_wconf 82' lang='lat' dir='ltr'>nomine</span> 
     </span>
     <span class='ocr_line' id='line_1_102' title="bbox 1672 4309 2748 4394; baseline -0.003 -30"><span class='ocrx_word' id='word_1_493' title='bbox 1672 4314 1922 4378; x_wconf 87' lang='lat' dir='ltr'>restituit,</span> <span class='ocrx_word' id='word_1_494' title='bbox 1944 4319 2003 4366; x_wconf 85' lang='lat' dir='ltr'>et.</span> <span class='ocrx_word' id='word_1_495' title='bbox 2023 4310 2427 4394; x_wconf 64' lang='lat' dir='ltr'>Ravennatibu33</span> <span class='ocrx_word' id='word_1_496' title='bbox 2442 4309 2538 4377; x_wconf 86' lang='lat' dir='ltr'>qui</span> <span class='ocrx_word' id='word_1_497' title='bbox 2555 4310 2611 4361; x_wconf 88' lang='lat' dir='ltr'>in</span> <span class='ocrx_word' id='word_1_498' title='bbox 2630 4309 2748 4361; x_wconf 82' lang='lat' dir='ltr'>fide</span> 
     </span>
    </p>
   </div>
   <div class='ocr_carea' id='block_1_8' title="bbox 2995 887 3000 1432">
    <p class='ocr_par' dir='ltr' id='par_1_21' title="bbox 2995 887 3000 1432">
     <span class='ocr_line' id='line_1_103' title="bbox 2995 887 3000 1432; baseline 0 0"><span class='ocrx_word' id='word_1_499' title='bbox 2995 887 3000 1432; x_wconf 95' lang='lat' dir='ltr'> </span> 
     </span>
    </p>
   </div>
   <div class='ocr_carea' id='block_1_9' title="bbox 2985 2461 3000 4469">
    <p class='ocr_par' dir='ltr' id='par_1_22' title="bbox 2985 2461 3000 4469">
     <span class='ocr_line' id='line_1_104' title="bbox 2985 2461 3000 4469; baseline 0 0"><span class='ocrx_word' id='word_1_500' title='bbox 2985 2461 3000 4469; x_wconf 95' lang='lat' dir='ltr'> </span> 
     </span>
    </p>
   </div>
  </div>
 </body>
</html>
