<?xml version="1.0" encoding="UTF-8"?>
<!DOCTYPE html PUBLIC "-//W3C//DTD XHTML 1.0 Transitional//EN"
    "http://www.w3.org/TR/xhtml1/DTD/xhtml1-transitional.dtd">
<html xmlns="http://www.w3.org/1999/xhtml" xml:lang="en" lang="en">
 <head>
  <title>
</title>
<meta http-equiv="Content-Type" content="text/html;charset=utf-8" />
  <meta name='ocr-system' content='tesseract 3.04.00' />
  <meta name='ocr-capabilities' content='ocr_page ocr_carea ocr_par ocr_line ocrx_word'/>
</head>
<body>
  <div class='ocr_page' id='page_1' title='image "./cpliniisecundin01valpgoog_0022.png"; bbox 0 0 3000 4917; ppageno 0'>
   <div class='ocr_carea' id='block_1_1' title="bbox 669 385 841 451">
    <p class='ocr_par' dir='ltr' id='par_1_1' title="bbox 669 385 841 451">
     <span class='ocr_line' id='line_1_1' title="bbox 669 385 841 451; baseline 0 0"><span class='ocrx_word' id='word_1_1' title='bbox 669 385 841 451; x_wconf 80' lang='lat'><strong>4430</strong></span> 
     </span>
    </p>
   </div>
   <div class='ocr_carea' id='block_1_2' title="bbox 657 541 2821 1438">
    <p class='ocr_par' dir='ltr' id='par_1_2' title="bbox 661 541 2819 1133">
     <span class='ocr_line' id='line_1_2' title="bbox 667 541 2817 624; baseline 0 -14"><span class='ocrx_word' id='word_1_2' title='bbox 667 547 913 610; x_wconf 75' lang='lat' dir='ltr'><strong>statuae</strong></span> <span class='ocrx_word' id='word_1_3' title='bbox 933 548 957 590; x_wconf 75' lang='lat'><em>⁵</em></span> <span class='ocrx_word' id='word_1_4' title='bbox 1000 541 1374 606; x_wconf 83' lang='lat' dir='ltr'><strong>Romanam</strong></span> <span class='ocrx_word' id='word_1_5' title='bbox 1423 542 1936 607; x_wconf 73' lang='lat' dir='ltr'>celebrationem</span> <span class='ocrx_word' id='word_1_6' title='bbox 1976 543 2269 624; x_wconf 74' lang='lat' dir='ltr'><strong>habent,‘</strong></span> <span class='ocrx_word' id='word_1_7' title='bbox 2311 550 2459 610; x_wconf 86' lang='lat' dir='ltr'><strong>orto</strong></span> <span class='ocrx_word' id='word_1_8' title='bbox 2478 543 2505 584; x_wconf 90' lang='lat'><strong>⁶</strong></span> <span class='ocrx_word' id='word_1_9' title='bbox 2552 545 2687 610; x_wconf 88' lang='lat' dir='ltr'><strong>sine</strong></span> <span class='ocrx_word' id='word_1_10' title='bbox 2716 547 2817 611; x_wconf 90' lang='lat' dir='ltr'><strong>du·</strong></span> 
     </span>
     <span class='ocr_line' id='line_1_3' title="bbox 663 643 2817 726; baseline 0 -17"><span class='ocrx_word' id='word_1_11' title='bbox 663 645 779 709; x_wconf 91' lang='lat' dir='ltr'><strong>bio</strong></span> <span class='ocrx_word' id='word_1_12' title='bbox 828 665 871 708; x_wconf 84' lang='lat' dir='ltr'><strong>a</strong></span> <span class='ocrx_word' id='word_1_13' title='bbox 913 644 1181 708; x_wconf 73' lang='lat' dir='ltr'><strong>Graecis</strong></span> <span class='ocrx_word' id='word_1_14' title='bbox 1220 644 1556 726; x_wconf 86' lang='lat' dir='ltr'><strong>exemplo.</strong></span> <span class='ocrx_word' id='word_1_15' title='bbox 1645 643 1790 709; x_wconf 90' lang='lat' dir='ltr'><strong>Sed</strong></span> <span class='ocrx_word' id='word_1_16' title='bbox 1841 644 1940 708; x_wconf 91' lang='lat' dir='ltr'><strong>illi</strong></span> <span class='ocrx_word' id='word_1_17' title='bbox 1986 645 2239 711; x_wconf 85' lang='lat' dir='ltr'><strong>celetas</strong></span> <span class='ocrx_word' id='word_1_18' title='bbox 2261 651 2302 681; x_wconf 76' lang='lat'><strong>¹&#39;</strong></span> <span class='ocrx_word' id='word_1_19' title='bbox 2363 651 2616 711; x_wconf 86' lang='lat' dir='ltr'><strong>tantum</strong></span> <span class='ocrx_word' id='word_1_20' title='bbox 2661 646 2817 710; x_wconf 70' lang='lat' dir='ltr'><strong>dica</strong></span> 
     </span>
     <span class='ocr_line' id='line_1_4' title="bbox 662 737 2817 830; baseline 0.001 -21"><span class='ocrx_word' id='word_1_21' title='bbox 662 737 828 811; x_wconf 86' lang='lat' dir='ltr'><strong>bant</strong></span> <span class='ocrx_word' id='word_1_22' title='bbox 856 748 928 810; x_wconf 90' lang='lat' dir='ltr'><strong>in</strong></span> <span class='ocrx_word' id='word_1_23' title='bbox 958 745 1170 811; x_wconf 89' lang='lat' dir='ltr'><strong>sacris</strong></span> <span class='ocrx_word' id='word_1_24' title='bbox 1197 745 1506 810; x_wconf 85' lang='lat' dir='ltr'><strong>victores.</strong></span> <span class='ocrx_word' id='word_1_25' title='bbox 1596 743 1860 809; x_wconf 79' lang='lat' dir='ltr'><strong>Postea</strong></span> <span class='ocrx_word' id='word_1_26' title='bbox 1885 764 2048 809; x_wconf 86' lang='lat' dir='ltr'><strong>vero</strong></span> <span class='ocrx_word' id='word_1_27' title='bbox 2082 751 2152 810; x_wconf 89' lang='lat' dir='ltr'><strong>et</strong></span> <span class='ocrx_word' id='word_1_28' title='bbox 2191 746 2308 829; x_wconf 89' lang='lat' dir='ltr'><strong>qui</strong></span> <span class='ocrx_word' id='word_1_29' title='bbox 2334 746 2511 829; x_wconf 85' lang='lat' dir='ltr'><strong>bigis</strong></span> <span class='ocrx_word' id='word_1_30' title='bbox 2545 748 2646 812; x_wconf 88' lang='lat' dir='ltr'><strong>vel</strong></span> <span class='ocrx_word' id='word_1_31' title='bbox 2678 767 2817 830; x_wconf 85' lang='lat' dir='ltr'><strong>qua·</strong></span> 
     </span>
     <span class='ocr_line' id='line_1_5' title="bbox 664 844 2819 933; baseline 0.001 -23"><span class='ocrx_word' id='word_1_32' title='bbox 664 846 869 929; x_wconf 86' lang='lat' dir='ltr'><strong>drigis</strong></span> <span class='ocrx_word' id='word_1_33' title='bbox 889 846 1225 912; x_wconf 85' lang='lat' dir='ltr'><strong>vicissent.</strong></span> <span class='ocrx_word' id='word_1_34' title='bbox 1313 844 1514 909; x_wconf 89' lang='lat' dir='ltr'><strong>Unde</strong></span> <span class='ocrx_word' id='word_1_35' title='bbox 1566 851 1639 908; x_wconf 87' lang='lat' dir='ltr'><strong>et</strong></span> <span class='ocrx_word' id='word_1_36' title='bbox 1687 845 1937 908; x_wconf 70' lang='lat' dir='ltr'><strong>nostri&#39;t</strong></span> <span class='ocrx_word' id='word_1_37' title='bbox 1982 865 2218 911; x_wconf 88' lang='lat' dir='ltr'><strong>currus</strong></span> <span class='ocrx_word' id='word_1_38' title='bbox 2269 849 2409 912; x_wconf 85' lang='lat' dir='ltr'><strong>nati</strong></span> <span class='ocrx_word' id='word_1_39' title='bbox 2443 850 2514 912; x_wconf 89' lang='lat' dir='ltr'><strong>in</strong></span> <span class='ocrx_word' id='word_1_40' title='bbox 2540 848 2683 913; x_wconf 89' lang='lat' dir='ltr'><strong>his⁷</strong></span> <span class='ocrx_word' id='word_1_41' title='bbox 2728 869 2819 933; x_wconf 58' lang='lat' dir='ltr'><strong>qu*</strong></span> 
     </span>
     <span class='ocr_line' id='line_1_6' title="bbox 661 941 2819 1032; baseline 0.001 -19"><span class='ocrx_word' id='word_1_42' title='bbox 661 949 1277 1032; x_wconf 83' lang='lat' dir='ltr'><strong>triumphavissent.</strong></span> <span class='ocrx_word' id='word_1_43' title='bbox 1342 947 1588 1022; x_wconf 15' lang='lat' dir='ltr'><strong>,Serum</strong></span> <span class='ocrx_word' id='word_1_44' title='bbox 1612 941 1766 1022; x_wconf 89' lang='lat' dir='ltr'><strong>hoc,</strong></span> <span class='ocrx_word' id='word_1_45' title='bbox 1793 951 1862 1009; x_wconf 89' lang='lat' dir='ltr'><strong>et</strong></span> <span class='ocrx_word' id='word_1_46' title='bbox 1890 946 1962 1010; x_wconf 90' lang='lat' dir='ltr'><strong>in</strong></span> <span class='ocrx_word' id='word_1_47' title='bbox 1982 948 2087 1011; x_wconf 88' lang='lat' dir='ltr'><strong>his</strong></span> <span class='ocrx_word' id='word_1_48' title='bbox 2113 966 2245 1013; x_wconf 90' lang='lat' dir='ltr'><strong>non</strong></span> <span class='ocrx_word' id='word_1_49' title='bbox 2275 951 2409 1014; x_wconf 90' lang='lat' dir='ltr'><strong>nisi</strong></span> <span class='ocrx_word' id='word_1_50' title='bbox 2431 970 2474 1014; x_wconf 80' lang='lat' dir='ltr'><strong>a</strong></span> <span class='ocrx_word' id='word_1_51' title='bbox 2506 949 2683 1015; x_wconf 84' lang='lat' dir='ltr'><strong>Divo</strong></span> <span class='ocrx_word' id='word_1_52' title='bbox 2703 950 2819 1014; x_wconf 85' lang='lat' dir='ltr'><strong>Au·</strong></span> 
     </span>
     <span class='ocr_line' id='line_1_7' title="bbox 663 1043 1910 1133; baseline -0.001 -19"><span class='ocrx_word' id='word_1_53' title='bbox 663 1056 862 1132; x_wconf 83' lang='lat' dir='ltr'><strong>gusto</strong></span> <span class='ocrx_word' id='word_1_54' title='bbox 892 1043 1205 1133; x_wconf 68' lang='lat' dir='ltr'><strong>sejug&#39;eS,y</strong></span> <span class='ocrx_word' id='word_1_55' title='bbox 1250 1049 1437 1113; x_wconf 85' lang='lat' dir='ltr'><strong>sicut·</strong></span> <span class='ocrx_word' id='word_1_56' title='bbox 1453 1055 1525 1112; x_wconf 87' lang='lat' dir='ltr'><strong>et</strong></span> <span class='ocrx_word' id='word_1_57' title='bbox 1550 1047 1910 1130; x_wconf 82' lang='lat' dir='ltr'><strong>elephanti.</strong></span> 
     </span>
    </p>

    <p class='ocr_par' dir='ltr' id='par_1_3' title="bbox 657 1142 2821 1438">
     <span class='ocr_line' id='line_1_8' title="bbox 749 1142 2821 1236; baseline 0.001 -22"><span class='ocrx_word' id='word_1_58' title='bbox 749 1167 860 1214; x_wconf 79' lang='lat' dir='ltr'><strong>xl.</strong></span> <span class='ocrx_word' id='word_1_59' title='bbox 906 1150 1063 1216; x_wconf 90' lang='lat' dir='ltr'><strong>Non</strong></span> <span class='ocrx_word' id='word_1_60' title='bbox 1086 1157 1279 1215; x_wconf 83' lang='lat' dir='ltr'><strong>vetus</strong></span> <span class='ocrx_word' id='word_1_61' title='bbox 1308 1155 1374 1215; x_wconf 87' lang='lat' dir='ltr'><strong>et</strong></span> <span class='ocrx_word' id='word_1_62' title='bbox 1396 1142 1693 1233; x_wconf 83' lang='lat' dir='ltr'><strong>bigarum</strong></span> <span class='ocrx_word' id='word_1_63' title='bbox 1726 1151 2097 1217; x_wconf 74' lang='lat' dir='ltr'><strong>celebratio</strong></span> <span class='ocrx_word' id='word_1_64' title='bbox 2125 1152 2196 1217; x_wconf 91' lang='lat' dir='ltr'><strong>in</strong></span> <span class='ocrx_word' id='word_1_65' title='bbox 2226 1154 2331 1217; x_wconf 91' lang='lat' dir='ltr'><strong>his</strong></span> <span class='ocrx_word' id='word_1_66' title='bbox 2356 1160 2377 1191; x_wconf 86' lang='lat'><em>¹</em></span> <span class='ocrx_word' id='word_1_67' title='bbox 2419 1152 2539 1235; x_wconf 90' lang='lat' dir='ltr'><strong>qui</strong></span> <span class='ocrx_word' id='word_1_68' title='bbox 2559 1159 2821 1236; x_wconf 65' lang='lat' dir='ltr'><strong>praetura</strong></span> 
     </span>
     <span class='ocr_line' id='line_1_9' title="bbox 658 1251 2821 1337; baseline 0 -20"><span class='ocrx_word' id='word_1_69' title='bbox 658 1253 869 1317; x_wconf 88' lang='lat' dir='ltr'><strong>functi</strong></span> <span class='ocrx_word' id='word_1_70' title='bbox 919 1272 1114 1316; x_wconf 87' lang='lat' dir='ltr'><strong>curru</strong></span> <span class='ocrx_word' id='word_1_71' title='bbox 1154 1252 1332 1316; x_wconf 84' lang='lat' dir='ltr'><strong>vecti</strong></span> <span class='ocrx_word' id='word_1_72' title='bbox 1375 1257 1610 1315; x_wconf 86' lang='lat' dir='ltr'><strong>essent</strong></span> <span class='ocrx_word' id='word_1_73' title='bbox 1660 1270 1781 1334; x_wconf 90' lang='lat' dir='ltr'><strong>per</strong></span> <span class='ocrx_word' id='word_1_74' title='bbox 1808 1251 2097 1317; x_wconf 85' lang='lat' dir='ltr'><strong>Circum.</strong></span> <span class='ocrx_word' id='word_1_75' title='bbox 2182 1251 2542 1337; x_wconf 83' lang='lat' dir='ltr'><strong>Antiquior</strong></span> <span class='ocrx_word' id='word_1_76' title='bbox 2588 1254 2821 1317; x_wconf 88' lang='lat' dir='ltr'><strong>colum-</strong></span> 
     </span>
     <span class='ocr_line' id='line_1_10' title="bbox 657 1353 2821 1438; baseline 0 -18"><span class='ocrx_word' id='word_1_77' title='bbox 657 1372 913 1432; x_wconf 85' lang='lat' dir='ltr'><strong>narum,</strong></span> <span class='ocrx_word' id='word_1_78' title='bbox 944 1355 1124 1419; x_wconf 89' lang='lat' dir='ltr'><strong>sicut</strong></span> <span class='ocrx_word' id='word_1_79' title='bbox 1168 1353 1249 1419; x_wconf 84' lang='lat' dir='ltr'><strong>G.</strong></span> <span class='ocrx_word' id='word_1_80' title='bbox 1282 1353 1597 1432; x_wconf 68' lang='lat' dir='ltr'><strong>Maenio:</strong></span> <span class='ocrx_word' id='word_1_81' title='bbox 1639 1354 1755 1436; x_wconf 90' lang='lat' dir='ltr'><strong>qui</strong></span> <span class='ocrx_word' id='word_1_82' title='bbox 1802 1354 2153 1421; x_wconf 84' lang='lat' dir='ltr'><strong>devicerat</strong></span> <span class='ocrx_word' id='word_1_83' title='bbox 2197 1354 2460 1438; x_wconf 90' lang='lat' dir='ltr'><strong>priscos</strong></span> <span class='ocrx_word' id='word_1_84' title='bbox 2516 1353 2821 1432; x_wconf 59' lang='grc' dir='ltr'><strong>Ῑιεὶῇιιοε,1</strong></span> 
     </span>
    </p>
   </div>
   <div class='ocr_carea' id='block_1_3' title="bbox 1396 398 2129 451">
    <p class='ocr_par' dir='ltr' id='par_1_4' title="bbox 1396 398 2129 451">
     <span class='ocr_line' id='line_1_11' title="bbox 1396 398 2129 451; baseline 0.007 -5"><span class='ocrx_word' id='word_1_85' title='bbox 1396 400 1460 447; x_wconf 79' lang='lat' dir='ltr'><strong>C·</strong></span> <span class='ocrx_word' id='word_1_86' title='bbox 1508 398 1682 448; x_wconf 68' lang='lat' dir='ltr'><strong>Pmu</strong></span> <span class='ocrx_word' id='word_1_87' title='bbox 1696 399 1768 447; x_wconf 83' lang='lat'><strong>11·</strong></span> <span class='ocrx_word' id='word_1_88' title='bbox 1799 399 2129 451; x_wconf 68' lang='lat' dir='ltr'><strong>smmum</strong></span> 
     </span>
    </p>
   </div>
   <div class='ocr_carea' id='block_1_4' title="bbox 720 1533 2085 1602">
    <p class='ocr_par' dir='ltr' id='par_1_5' title="bbox 720 1533 2085 1602">
     <span class='ocr_line' id='line_1_12' title="bbox 720 1533 2085 1602; baseline 0.001 -18"><span class='ocrx_word' id='word_1_89' title='bbox 720 1533 743 1566; x_wconf 64' lang='grc' dir='ltr'>ὓ</span> <span class='ocrx_word' id='word_1_90' title='bbox 771 1534 916 1599; x_wconf 71' lang='lat' dir='ltr'><strong>Apud</strong></span> <span class='ocrx_word' id='word_1_91' title='bbox 940 1536 1176 1587; x_wconf 72' lang='lat' dir='ltr'><strong>Romanos</strong></span> <span class='ocrx_word' id='word_1_92' title='bbox 1190 1537 1433 1602; x_wconf 71' lang='lat' dir='ltr'><strong>precipua</strong></span> <span class='ocrx_word' id='word_1_93' title='bbox 1451 1538 1505 1590; x_wconf 72' lang='lat' dir='ltr'><strong>in</strong></span> <span class='ocrx_word' id='word_1_94' title='bbox 1524 1538 1917 1588; x_wconf 69' lang='lat' dir='ltr'><strong>commendatione</strong></span> <span class='ocrx_word' id='word_1_95' title='bbox 1923 1538 2085 1598; x_wconf 73' lang='lat' dir='ltr'><strong>suere.</strong></span> 
     </span>
    </p>
   </div>
   <div class='ocr_carea' id='block_1_5' title="bbox 1572 1696 1935 1720">
    <p class='ocr_par' dir='ltr' id='par_1_6' title="bbox 1572 1696 1935 1720">
     <span class='ocr_line' id='line_1_13' title="bbox 1572 1696 1935 1720; baseline 0.008 -2"><span class='ocrx_word' id='word_1_96' title='bbox 1572 1696 1935 1720; x_wconf 50' lang='lat' dir='ltr'><strong>OOOOOOOOOOO</strong></span> 
     </span>
    </p>
   </div>
   <div class='ocr_carea' id='block_1_6' title="bbox 648 1809 2825 2055">
    <p class='ocr_par' dir='ltr' id='par_1_7' title="bbox 648 1809 2825 2055">
     <span class='ocr_line' id='line_1_14' title="bbox 649 1809 2825 1864; baseline -0 -4"><span class='ocrx_word' id='word_1_97' title='bbox 649 1809 786 1861; x_wconf 88' lang='lat' dir='ltr'><strong>idem</strong></span> <span class='ocrx_word' id='word_1_98' title='bbox 807 1812 1031 1862; x_wconf 62' lang='lat' dir='ltr'><strong>Veh—4</strong></span> <span class='ocrx_word' id='word_1_99' title='bbox 1064 1812 1228 1864; x_wconf 88' lang='lat' dir='ltr'><strong>Codd.</strong></span> <span class='ocrx_word' id='word_1_100' title='bbox 1252 1821 1306 1864; x_wconf 91' lang='lat' dir='ltr'><strong>et</strong></span> <span class='ocrx_word' id='word_1_101' title='bbox 1328 1813 1449 1864; x_wconf 84' lang='lat' dir='ltr'><strong>Vet.</strong></span> <span class='ocrx_word' id='word_1_102' title='bbox 1470 1813 1653 1864; x_wconf 83' lang='lat' dir='ltr'><strong>Dalec.</strong></span> <span class='ocrx_word' id='word_1_103' title='bbox 1672 1819 1840 1864; x_wconf 84' lang='lat' dir='ltr'><strong>eo.-5</strong></span> <span class='ocrx_word' id='word_1_104' title='bbox 1878 1814 1965 1863; x_wconf 87' lang='lat' dir='ltr'><strong>Ita</strong></span> <span class='ocrx_word' id='word_1_105' title='bbox 1987 1812 2139 1864; x_wconf 81' lang='lat' dir='ltr'><strong>codd.</strong></span> <span class='ocrx_word' id='word_1_106' title='bbox 2160 1810 2421 1863; x_wconf 88' lang='lat' dir='ltr'><strong>Harduini</strong></span> <span class='ocrx_word' id='word_1_107' title='bbox 2439 1815 2494 1860; x_wconf 89' lang='lat' dir='ltr'><strong>et</strong></span> <span class='ocrx_word' id='word_1_108' title='bbox 2513 1809 2697 1861; x_wconf 87' lang='lat' dir='ltr'><strong>Dalec.</strong></span> <span class='ocrx_word' id='word_1_109' title='bbox 2722 1825 2825 1859; x_wconf 82' lang='lat' dir='ltr'><strong>cun</strong></span> 
     </span>
     <span class='ocr_line' id='line_1_15' title="bbox 651 1875 2824 1943; baseline -0.001 -18"><span class='ocrx_word' id='word_1_110' title='bbox 651 1875 774 1925; x_wconf 88' lang='lat' dir='ltr'><strong>edd.</strong></span> <span class='ocrx_word' id='word_1_111' title='bbox 796 1876 1052 1927; x_wconf 82' lang='lat' dir='ltr'><strong>Harduin.</strong></span> <span class='ocrx_word' id='word_1_112' title='bbox 1077 1882 1127 1927; x_wconf 92' lang='lat'><strong>1.</strong></span> <span class='ocrx_word' id='word_1_113' title='bbox 1148 1882 1199 1927; x_wconf 87' lang='grc'><strong>2.</strong></span> <span class='ocrx_word' id='word_1_114' title='bbox 1229 1883 1278 1928; x_wconf 74' lang='lat'><strong>8.</strong></span> <span class='ocrx_word' id='word_1_115' title='bbox 1302 1886 1359 1928; x_wconf 93' lang='lat' dir='ltr'><strong>et</strong></span> <span class='ocrx_word' id='word_1_116' title='bbox 1383 1885 1606 1929; x_wconf 87' lang='lat' dir='ltr'><strong>recentt.</strong></span> <span class='ocrx_word' id='word_1_117' title='bbox 1659 1880 1914 1942; x_wconf 74' lang='lat' dir='ltr'><strong>Equestres</strong></span> <span class='ocrx_word' id='word_1_118' title='bbox 1934 1878 2102 1943; x_wconf 74' lang='lat' dir='ltr'><strong>ubique</strong></span> <span class='ocrx_word' id='word_1_119' title='bbox 2123 1882 2299 1927; x_wconf 65' lang='grc' dir='ltr'><strong>παίω</strong></span> <span class='ocrx_word' id='word_1_120' title='bbox 2322 1876 2552 1926; x_wconf 79' lang='lat' dir='ltr'><strong>Gronov.</strong></span> <span class='ocrx_word' id='word_1_121' title='bbox 2583 1882 2638 1926; x_wconf 90' lang='lat' dir='ltr'><strong>et</strong></span> <span class='ocrx_word' id='word_1_122' title='bbox 2670 1876 2824 1938; x_wconf 87' lang='lat' dir='ltr'><strong>vulgg</strong></span> 
     </span>
     <span class='ocr_line' id='line_1_16' title="bbox 648 1941 2825 2055; baseline -0.002 -63"><span class='ocrx_word' id='word_1_123' title='bbox 648 1941 911 2055; x_wconf 50' lang='lat'><strong>§33³2-</strong></span> <span class='ocrx_word' id='word_1_124' title='bbox 958 1942 1145 1994; x_wconf 85' lang='lat' dir='ltr'><strong>Dalec.</strong></span> <span class='ocrx_word' id='word_1_125' title='bbox 1176 1947 1392 1993; x_wconf 68' lang='lat' dir='ltr'><strong>tuem-7</strong></span> <span class='ocrx_word' id='word_1_126' title='bbox 1431 1942 1570 1993; x_wconf 77' lang='lat' dir='ltr'><strong>Unde</strong></span> <span class='ocrx_word' id='word_1_127' title='bbox 1601 1947 1651 1992; x_wconf 80' lang='lat' dir='ltr'><strong>et</strong></span> <span class='ocrx_word' id='word_1_128' title='bbox 1683 1944 1861 1993; x_wconf 72' lang='lat' dir='ltr'><strong>uostris</strong></span> <span class='ocrx_word' id='word_1_129' title='bbox 1887 1957 2057 1993; x_wconf 74' lang='lat' dir='ltr'><strong>carrus</strong></span> <span class='ocrx_word' id='word_1_130' title='bbox 2077 1943 2129 1992; x_wconf 73' lang='lat' dir='ltr'><strong>in</strong></span> <span class='ocrx_word' id='word_1_131' title='bbox 2158 1943 2235 1992; x_wconf 68' lang='lat' dir='ltr'><strong>his</strong></span> <span class='ocrx_word' id='word_1_132' title='bbox 2266 1941 2499 2016; x_wconf 55' lang='lat' dir='ltr'><strong>prouov.</strong></span> <span class='ocrx_word' id='word_1_133' title='bbox 2532 1947 2588 1990; x_wconf 89' lang='lat' dir='ltr'><strong>et</strong></span> <span class='ocrx_word' id='word_1_134' title='bbox 2614 1941 2681 1989; x_wconf 85' lang='lat' dir='ltr'><strong>al.</strong></span> <span class='ocrx_word' id='word_1_135' title='bbox 2719 1947 2825 1989; x_wconf 72' lang='lat' dir='ltr'><strong>aut«</strong></span> 
     </span>
    </p>
   </div>
   <div class='ocr_carea' id='block_1_7' title="bbox 1640 2104 1856 2156">
    <p class='ocr_par' dir='ltr' id='par_1_8' title="bbox 1640 2104 1856 2156">
     <span class='ocr_line' id='line_1_17' title="bbox 1640 2104 1856 2156; baseline 0.005 -1"><span class='ocrx_word' id='word_1_136' title='bbox 1640 2105 1691 2156; x_wconf 89' lang='lat' dir='ltr'>N</span> <span class='ocrx_word' id='word_1_137' title='bbox 1696 2104 1856 2156; x_wconf 73' lang='lat' dir='ltr'><strong>01·AE</strong></span> 
     </span>
    </p>
   </div>
   <div class='ocr_carea' id='block_1_8' title="bbox 643 2216 2828 2434">
    <p class='ocr_par' dir='ltr' id='par_1_9' title="bbox 643 2216 2828 2434">
     <span class='ocr_line' id='line_1_18' title="bbox 711 2216 2827 2285; baseline -0.001 -20"><span class='ocrx_word' id='word_1_138' title='bbox 711 2221 747 2248; x_wconf 72' lang='lat'><strong>⁸·</strong></span> <span class='ocrx_word' id='word_1_139' title='bbox 768 2216 868 2266; x_wconf 82' lang='lat' dir='ltr'><strong>Sed</strong></span> <span class='ocrx_word' id='word_1_140' title='bbox 881 2216 954 2266; x_wconf 76' lang='lat' dir='ltr'><strong>illi</strong></span> <span class='ocrx_word' id='word_1_141' title='bbox 967 2217 1163 2281; x_wconf 77' lang='lat' dir='ltr'><strong>celetas]</strong></span> <span class='ocrx_word' id='word_1_142' title='bbox 1186 2217 1402 2278; x_wconf 74' lang='grc' dir='ltr'><strong>Κέλητες</strong></span> <span class='ocrx_word' id='word_1_143' title='bbox 1423 2219 1701 2285; x_wconf 66' lang='lat' dir='ltr'><strong>appellatas</strong></span> <span class='ocrx_word' id='word_1_144' title='bbox 1779 2219 1981 2269; x_wconf 77' lang='lat' dir='ltr'><strong>Livium</strong></span> <span class='ocrx_word' id='word_1_145' title='bbox 2009 2218 2101 2269; x_wconf 90' lang='lat' dir='ltr'><strong>lib.</strong></span> <span class='ocrx_word' id='word_1_146' title='bbox 2124 2229 2373 2268; x_wconf 84' lang='lat' dir='ltr'><strong>xxxvm.</strong></span> <span class='ocrx_word' id='word_1_147' title='bbox 2406 2228 2527 2279; x_wconf 85' lang='lat' dir='ltr'><strong>pag.</strong></span> <span class='ocrx_word' id='word_1_148' title='bbox 2548 2217 2667 2263; x_wconf 82' lang='grc'><strong>479.</strong></span> <span class='ocrx_word' id='word_1_149' title='bbox 2707 2228 2827 2262; x_wconf 81' lang='lat' dir='ltr'><strong>ann«</strong></span> 
     </span>
     <span class='ocr_line' id='line_1_19' title="bbox 645 2287 2828 2359; baseline -0.001 -19"><span class='ocrx_word' id='word_1_150' title='bbox 645 2287 837 2343; x_wconf 75' lang='lat' dir='ltr'><strong>s&#39;tatuae</strong></span> <span class='ocrx_word' id='word_1_151' title='bbox 853 2307 1026 2343; x_wconf 89' lang='lat' dir='ltr'><strong>eorum</strong></span> <span class='ocrx_word' id='word_1_152' title='bbox 1042 2302 1330 2358; x_wconf 75' lang='lat' dir='ltr'><strong>equestres,</strong></span> <span class='ocrx_word' id='word_1_153' title='bbox 1348 2294 1435 2359; x_wconf 87' lang='lat' dir='ltr'><strong>qui</strong></span> <span class='ocrx_word' id='word_1_154' title='bbox 1454 2309 1556 2343; x_wconf 89' lang='lat' dir='ltr'><strong>non</strong></span> <span class='ocrx_word' id='word_1_155' title='bbox 1572 2294 1704 2358; x_wconf 81' lang='lat' dir='ltr'><strong>bigis</strong></span> <span class='ocrx_word' id='word_1_156' title='bbox 1780 2293 1938 2345; x_wconf 84' lang='lat' dir='ltr'><strong>Urbis</strong></span> <span class='ocrx_word' id='word_1_157' title='bbox 1971 2306 2166 2345; x_wconf 70' lang='lat' dir='ltr'><strong>nnxvr.</strong></span> <span class='ocrx_word' id='word_1_158' title='bbox 2197 2294 2296 2343; x_wconf 83' lang='lat' dir='ltr'><strong>hoe</strong></span> <span class='ocrx_word' id='word_1_159' title='bbox 2328 2298 2430 2354; x_wconf 84' lang='lat' dir='ltr'><strong>est,</strong></span> <span class='ocrx_word' id='word_1_160' title='bbox 2470 2296 2595 2340; x_wconf 88' lang='lat' dir='ltr'><strong>ante</strong></span> <span class='ocrx_word' id='word_1_161' title='bbox 2619 2288 2828 2354; x_wconf 78' lang='lat' dir='ltr'><strong>August</strong></span> 
     </span>
     <span class='ocr_line' id='line_1_20' title="bbox 643 2367 2497 2434; baseline 0 -18"><span class='ocrx_word' id='word_1_162' title='bbox 643 2373 736 2417; x_wconf 78' lang='lat' dir='ltr'><strong>aut</strong></span> <span class='ocrx_word' id='word_1_163' title='bbox 747 2368 1009 2434; x_wconf 74' lang='lat' dir='ltr'><strong>quadrigis</strong></span> <span class='ocrx_word' id='word_1_164' title='bbox 1031 2371 1083 2419; x_wconf 90' lang='lat' dir='ltr'><strong>in</strong></span> <span class='ocrx_word' id='word_1_165' title='bbox 1106 2372 1393 2420; x_wconf 82' lang='lat' dir='ltr'><strong>certamine</strong></span> <span class='ocrx_word' id='word_1_166' title='bbox 1410 2377 1703 2433; x_wconf 88' lang='lat' dir='ltr'><strong>uterentur,</strong></span> <span class='ocrx_word' id='word_1_167' title='bbox 1781 2382 2052 2420; x_wconf 79' lang='lat' dir='ltr'><strong>excessum</strong></span> <span class='ocrx_word' id='word_1_168' title='bbox 2074 2369 2220 2419; x_wconf 87' lang='lat' dir='ltr'><strong>annis</strong></span> <span class='ocrx_word' id='word_1_169' title='bbox 2238 2367 2497 2418; x_wconf 88' lang='lat' dir='ltr'><strong>ducentis.</strong></span> 
     </span>
    </p>
   </div>
   <div class='ocr_carea' id='block_1_9' title="bbox 643 2441 2825 2509">
    <p class='ocr_par' dir='ltr' id='par_1_10' title="bbox 643 2441 2825 2509">
     <span class='ocr_line' id='line_1_21' title="bbox 643 2441 2825 2509; baseline -0.001 -17"><span class='ocrx_word' id='word_1_170' title='bbox 643 2442 735 2492; x_wconf 84' lang='lat' dir='ltr'><strong>sed</strong></span> <span class='ocrx_word' id='word_1_171' title='bbox 783 2458 885 2492; x_wconf 87' lang='lat' dir='ltr'><strong>uno</strong></span> <span class='ocrx_word' id='word_1_172' title='bbox 930 2444 1214 2495; x_wconf 80' lang='lat' dir='ltr'><strong>insiderent</strong></span> <span class='ocrx_word' id='word_1_173' title='bbox 1258 2459 1411 2509; x_wconf 87' lang='lat' dir='ltr'><strong>equo.</strong></span> <span class='ocrx_word' id='word_1_174' title='bbox 1479 2445 1703 2509; x_wconf 82' lang='lat' dir='ltr'><strong>Proprie</strong></span> <span class='ocrx_word' id='word_1_175' title='bbox 1843 2454 1871 2479; x_wconf 77' lang='lat'>¹</span> <span class='ocrx_word' id='word_1_176' title='bbox 1910 2446 2046 2496; x_wconf 75' lang='lat' dir='ltr'><strong>Unde</strong></span> <span class='ocrx_word' id='word_1_177' title='bbox 2077 2450 2127 2493; x_wconf 80' lang='lat' dir='ltr'><strong>et</strong></span> <span class='ocrx_word' id='word_1_178' title='bbox 2154 2444 2332 2507; x_wconf 75' lang='lat' dir='ltr'><strong>nostri]</strong></span> <span class='ocrx_word' id='word_1_179' title='bbox 2368 2443 2457 2493; x_wconf 85' lang='lat' dir='ltr'><strong>Sic</strong></span> <span class='ocrx_word' id='word_1_180' title='bbox 2478 2441 2609 2491; x_wconf 86' lang='lat' dir='ltr'><strong>Mss.</strong></span> <span class='ocrx_word' id='word_1_181' title='bbox 2633 2441 2767 2506; x_wconf 86' lang='lat' dir='ltr'><strong>Reg.</strong></span> <span class='ocrx_word' id='word_1_182' title='bbox 2791 2446 2825 2490; x_wconf 80' lang='lat'><strong>2</strong></span> 
     </span>
    </p>
   </div>
   <div class='ocr_carea' id='block_1_10' title="bbox 538 2515 1702 4323">
    <p class='ocr_par' dir='ltr' id='par_1_11' title="bbox 538 2515 1702 4323">
     <span class='ocr_line' id='line_1_22' title="bbox 642 2515 1702 2585; baseline 0.003 -19"><span class='ocrx_word' id='word_1_183' title='bbox 642 2515 790 2578; x_wconf 69' lang='grc' dir='ltr'>κέλης</span> <span class='ocrx_word' id='word_1_184' title='bbox 811 2534 955 2582; x_wconf 80' lang='lat' dir='ltr'><strong>equus</strong></span> <span class='ocrx_word' id='word_1_185' title='bbox 992 2520 1103 2583; x_wconf 91' lang='lat' dir='ltr'><strong>ipse</strong></span> <span class='ocrx_word' id='word_1_186' title='bbox 1138 2528 1238 2577; x_wconf 83' lang='lat' dir='ltr'><strong>est,</strong></span> <span class='ocrx_word' id='word_1_187' title='bbox 1269 2515 1360 2585; x_wconf 85' lang='lat' dir='ltr'><strong>qui</strong></span> <span class='ocrx_word' id='word_1_188' title='bbox 1384 2520 1452 2570; x_wconf 91' lang='lat' dir='ltr'><strong>ab</strong></span> <span class='ocrx_word' id='word_1_189' title='bbox 1474 2534 1576 2569; x_wconf 89' lang='lat' dir='ltr'><strong>uno</strong></span> <span class='ocrx_word' id='word_1_190' title='bbox 1598 2535 1702 2569; x_wconf 90' lang='lat' dir='ltr'><strong>ses-</strong></span> 
     </span>
     <span class='ocr_line' id='line_1_23' title="bbox 642 2596 1702 2659; baseline 0.003 -16"><span class='ocrx_word' id='word_1_191' title='bbox 642 2608 757 2643; x_wconf 83' lang='lat' dir='ltr'><strong>sore</strong></span> <span class='ocrx_word' id='word_1_192' title='bbox 794 2596 1023 2657; x_wconf 80' lang='lat' dir='ltr'><strong>agitatur</strong></span> <span class='ocrx_word' id='word_1_193' title='bbox 1055 2610 1116 2644; x_wconf 83' lang='lat' dir='ltr'><strong>ae</strong></span> <span class='ocrx_word' id='word_1_194' title='bbox 1149 2596 1363 2659; x_wconf 83' lang='lat' dir='ltr'><strong>regitur.</strong></span> <span class='ocrx_word' id='word_1_195' title='bbox 1416 2596 1702 2646; x_wconf 77' lang='lat' dir='ltr'><strong>Sententia</strong></span> 
     </span>
     <span class='ocr_line' id='line_1_24' title="bbox 638 2666 1700 2734; baseline 0.004 -18"><span class='ocrx_word' id='word_1_196' title='bbox 638 2666 816 2732; x_wconf 85' lang='lat' dir='ltr'><strong>igitur,</strong></span> <span class='ocrx_word' id='word_1_197' title='bbox 841 2668 1001 2720; x_wconf 82' lang='lat' dir='ltr'><strong>fuisse</strong></span> <span class='ocrx_word' id='word_1_198' title='bbox 1025 2677 1295 2733; x_wconf 89' lang='lat' dir='ltr'><strong>receptum</strong></span> <span class='ocrx_word' id='word_1_199' title='bbox 1320 2670 1456 2734; x_wconf 87' lang='lat' dir='ltr'><strong>apud</strong></span> <span class='ocrx_word' id='word_1_200' title='bbox 1483 2670 1700 2720; x_wconf 64' lang='lat' dir='ltr'><strong>Graecos</strong></span> 
     </span>
     <span class='ocr_line' id='line_1_25' title="bbox 639 2742 1702 2808; baseline 0.002 -17"><span class='ocrx_word' id='word_1_201' title='bbox 639 2742 884 2805; x_wconf 87' lang='lat' dir='ltr'><strong>primum,</strong></span> <span class='ocrx_word' id='word_1_202' title='bbox 923 2750 982 2792; x_wconf 89' lang='lat' dir='ltr'><strong>ut</strong></span> <span class='ocrx_word' id='word_1_203' title='bbox 1014 2751 1211 2793; x_wconf 86' lang='lat' dir='ltr'><strong>statuas</strong></span> <span class='ocrx_word' id='word_1_204' title='bbox 1248 2750 1516 2808; x_wconf 73' lang='lat' dir='ltr'><strong>equestres</strong></span> <span class='ocrx_word' id='word_1_205' title='bbox 1558 2744 1702 2793; x_wconf 90' lang='lat' dir='ltr'><strong>dedi·</strong></span> 
     </span>
     <span class='ocr_line' id='line_1_26' title="bbox 638 2819 1701 2885; baseline 0.002 -18"><span class='ocrx_word' id='word_1_206' title='bbox 638 2827 822 2868; x_wconf 87' lang='lat' dir='ltr'><strong>carent</strong></span> <span class='ocrx_word' id='word_1_207' title='bbox 847 2820 937 2876; x_wconf 90' lang='lat' dir='ltr'><strong>illi,</strong></span> <span class='ocrx_word' id='word_1_208' title='bbox 959 2820 1045 2885; x_wconf 88' lang='lat' dir='ltr'><strong>qui</strong></span> <span class='ocrx_word' id='word_1_209' title='bbox 1071 2819 1299 2869; x_wconf 85' lang='lat' dir='ltr'><strong>victores</strong></span> <span class='ocrx_word' id='word_1_210' title='bbox 1322 2820 1624 2868; x_wconf 84' lang='lat' dir='ltr'><strong>extitissent</strong></span> <span class='ocrx_word' id='word_1_211' title='bbox 1648 2820 1701 2869; x_wconf 91' lang='lat' dir='ltr'><strong>in</strong></span> 
     </span>
     <span class='ocr_line' id='line_1_27' title="bbox 635 2893 1702 2959; baseline 0.004 -18"><span class='ocrx_word' id='word_1_212' title='bbox 635 2893 773 2943; x_wconf 90' lang='lat' dir='ltr'><strong>ludis</strong></span> <span class='ocrx_word' id='word_1_213' title='bbox 801 2896 959 2944; x_wconf 86' lang='lat' dir='ltr'><strong>sacris</strong></span> <span class='ocrx_word' id='word_1_214' title='bbox 996 2895 1180 2945; x_wconf 87' lang='lat' dir='ltr'><strong>celete.</strong></span> <span class='ocrx_word' id='word_1_215' title='bbox 1246 2894 1444 2945; x_wconf 88' lang='lat' dir='ltr'><strong>Postea</strong></span> <span class='ocrx_word' id='word_1_216' title='bbox 1481 2894 1702 2959; x_wconf 86' lang='lat' dir='ltr'><strong>factum,</strong></span> 
     </span>
     <span class='ocr_line' id='line_1_28' title="bbox 638 2969 1701 3036; baseline 0.004 -19"><span class='ocrx_word' id='word_1_217' title='bbox 638 2976 701 3018; x_wconf 88' lang='lat' dir='ltr'><strong>ut</strong></span> <span class='ocrx_word' id='word_1_218' title='bbox 738 2969 973 3021; x_wconf 85' lang='lat' dir='ltr'><strong>dicarent</strong></span> <span class='ocrx_word' id='word_1_219' title='bbox 1015 2984 1221 3035; x_wconf 89' lang='lat' dir='ltr'><strong>quoque</strong></span> <span class='ocrx_word' id='word_1_220' title='bbox 1265 2970 1409 3034; x_wconf 88' lang='lat' dir='ltr'><strong>bigas</strong></span> <span class='ocrx_word' id='word_1_221' title='bbox 1451 2971 1533 3020; x_wconf 87' lang='lat' dir='ltr'><strong>vel</strong></span> <span class='ocrx_word' id='word_1_222' title='bbox 1575 2986 1701 3036; x_wconf 87' lang='lat' dir='ltr'><strong>qua-</strong></span> 
     </span>
     <span class='ocr_line' id='line_1_29' title="bbox 638 3044 1698 3110; baseline 0.001 -17"><span class='ocrx_word' id='word_1_223' title='bbox 638 3044 813 3109; x_wconf 86' lang='lat' dir='ltr'><strong>drigas</strong></span> <span class='ocrx_word' id='word_1_224' title='bbox 855 3047 1087 3110; x_wconf 88' lang='lat' dir='ltr'><strong>sculptas</strong></span> <span class='ocrx_word' id='word_1_225' title='bbox 1122 3059 1396 3108; x_wconf 85' lang='lat' dir='ltr'><strong>marmore,</strong></span> <span class='ocrx_word' id='word_1_226' title='bbox 1437 3046 1525 3095; x_wconf 78' lang='lat' dir='ltr'><strong>vel</strong></span> <span class='ocrx_word' id='word_1_227' title='bbox 1558 3046 1698 3095; x_wconf 86' lang='lat' dir='ltr'><strong>fusas</strong></span> 
     </span>
     <span class='ocr_line' id='line_1_30' title="bbox 637 3120 1698 3185; baseline 0.001 -15"><span class='ocrx_word' id='word_1_228' title='bbox 637 3132 766 3183; x_wconf 71' lang='lat' dir='ltr'><strong>aere,</strong></span> <span class='ocrx_word' id='word_1_229' title='bbox 789 3121 880 3185; x_wconf 88' lang='lat' dir='ltr'><strong>qui</strong></span> <span class='ocrx_word' id='word_1_230' title='bbox 905 3121 1150 3171; x_wconf 81' lang='lat' dir='ltr'><strong>vicissent</strong></span> <span class='ocrx_word' id='word_1_231' title='bbox 1171 3122 1273 3171; x_wconf 90' lang='lat' dir='ltr'><strong>isto</strong></span> <span class='ocrx_word' id='word_1_232' title='bbox 1295 3135 1508 3185; x_wconf 83' lang='lat' dir='ltr'><strong>genere.</strong></span> <span class='ocrx_word' id='word_1_233' title='bbox 1564 3120 1698 3172; x_wconf 85' lang='lat' dir='ltr'><strong>Inde</strong></span> 
     </span>
     <span class='ocr_line' id='line_1_31' title="bbox 636 3197 1699 3255; baseline 0.002 -9"><span class='ocrx_word' id='word_1_234' title='bbox 636 3197 1061 3247; x_wconf 81' lang='lat' dir='ltr'><strong>consuetudinem</strong></span> <span class='ocrx_word' id='word_1_235' title='bbox 1084 3197 1287 3247; x_wconf 85' lang='lat' dir='ltr'><strong>venisse</strong></span> <span class='ocrx_word' id='word_1_236' title='bbox 1306 3198 1543 3255; x_wconf 79' lang='lat' dir='ltr'><strong>Romam,</strong></span> <span class='ocrx_word' id='word_1_237' title='bbox 1559 3204 1621 3247; x_wconf 88' lang='lat' dir='ltr'><strong>ut</strong></span> <span class='ocrx_word' id='word_1_238' title='bbox 1644 3205 1699 3248; x_wconf 89' lang='lat' dir='ltr'><strong>et</strong></span> 
     </span>
     <span class='ocr_line' id='line_1_32' title="bbox 634 3273 1694 3339; baseline 0 -17"><span class='ocrx_word' id='word_1_239' title='bbox 634 3273 723 3336; x_wconf 87' lang='lat' dir='ltr'><strong>qui</strong></span> <span class='ocrx_word' id='word_1_240' title='bbox 736 3275 1164 3339; x_wconf 79' lang='lat' dir='ltr'><strong>triumphassent,</strong></span> <span class='ocrx_word' id='word_1_241' title='bbox 1176 3274 1482 3324; x_wconf 87' lang='lat' dir='ltr'><strong>dedicarent</strong></span> <span class='ocrx_word' id='word_1_242' title='bbox 1494 3279 1694 3322; x_wconf 81' lang='lat' dir='ltr'><strong>statuas</strong></span> 
     </span>
     <span class='ocr_line' id='line_1_33' title="bbox 636 3347 1692 3415; baseline -0.002 -16"><span class='ocrx_word' id='word_1_243' title='bbox 636 3349 995 3413; x_wconf 81' lang='lat' dir='ltr'><strong>triumphales,</strong></span> <span class='ocrx_word' id='word_1_244' title='bbox 1047 3355 1174 3414; x_wconf 86' lang='lat' dir='ltr'><strong>puta</strong></span> <span class='ocrx_word' id='word_1_245' title='bbox 1229 3348 1546 3415; x_wconf 78' lang='lat' dir='ltr'><strong>quadrigas3</strong></span> <span class='ocrx_word' id='word_1_246' title='bbox 1600 3347 1692 3397; x_wconf 87' lang='lat' dir='ltr'><strong>sed</strong></span> 
     </span>
     <span class='ocr_line' id='line_1_34' title="bbox 632 3422 1691 3485; baseline -0.003 -11"><span class='ocrx_word' id='word_1_247' title='bbox 632 3424 772 3475; x_wconf 83' lang='lat' dir='ltr'><strong>huuc</strong></span> <span class='ocrx_word' id='word_1_248' title='bbox 809 3440 1004 3476; x_wconf 89' lang='lat' dir='ltr'><strong>morem</strong></span> <span class='ocrx_word' id='word_1_249' title='bbox 1038 3426 1299 3476; x_wconf 83' lang='lat' dir='ltr'><strong>invectum</strong></span> <span class='ocrx_word' id='word_1_250' title='bbox 1332 3438 1480 3485; x_wconf 64' lang='grc' dir='ltr'><strong>κως</strong></span> <span class='ocrx_word' id='word_1_251' title='bbox 1516 3430 1572 3472; x_wconf 86' lang='lat' dir='ltr'><strong>et</strong></span> <span class='ocrx_word' id='word_1_252' title='bbox 1602 3422 1691 3472; x_wconf 85' lang='lat' dir='ltr'><strong>ad-</strong></span> 
     </span>
     <span class='ocr_line' id='line_1_35' title="bbox 631 3499 1691 3564; baseline 0.001 -16"><span class='ocrx_word' id='word_1_253' title='bbox 631 3499 736 3550; x_wconf 83' lang='lat' dir='ltr'><strong>lme</strong></span> <span class='ocrx_word' id='word_1_254' title='bbox 772 3501 952 3558; x_wconf 89' lang='lat' dir='ltr'><strong>serius,</strong></span> <span class='ocrx_word' id='word_1_255' title='bbox 983 3507 1043 3551; x_wconf 87' lang='lat' dir='ltr'><strong>ut</strong></span> <span class='ocrx_word' id='word_1_256' title='bbox 1075 3501 1414 3564; x_wconf 79' lang='lat' dir='ltr'><strong>triumphales</strong></span> <span class='ocrx_word' id='word_1_257' title='bbox 1448 3499 1691 3563; x_wconf 86' lang='lat' dir='ltr'><strong>sejugas;</strong></span> 
     </span>
     <span class='ocr_line' id='line_1_36' title="bbox 630 3574 1691 3641; baseline 0.002 -16"><span class='ocrx_word' id='word_1_258' title='bbox 630 3574 730 3626; x_wconf 87' lang='lat' dir='ltr'><strong>hoc</strong></span> <span class='ocrx_word' id='word_1_259' title='bbox 762 3577 898 3627; x_wconf 90' lang='lat' dir='ltr'><strong>enim</strong></span> <span class='ocrx_word' id='word_1_260' title='bbox 931 3577 1154 3641; x_wconf 88' lang='lat' dir='ltr'><strong>primum</strong></span> <span class='ocrx_word' id='word_1_261' title='bbox 1188 3582 1454 3626; x_wconf 84' lang='lat' dir='ltr'><strong>auctorem</strong></span> <span class='ocrx_word' id='word_1_262' title='bbox 1496 3576 1691 3627; x_wconf 86' lang='lat' dir='ltr'><strong>habere</strong></span> 
     </span>
     <span class='ocr_line' id='line_1_37' title="bbox 631 3650 1690 3716; baseline -0.001 -15"><span class='ocrx_word' id='word_1_263' title='bbox 631 3652 708 3702; x_wconf 90' lang='lat' dir='ltr'><strong>D.</strong></span> <span class='ocrx_word' id='word_1_264' title='bbox 746 3652 1060 3716; x_wconf 83' lang='lat' dir='ltr'><strong>Augustum.</strong></span> <span class='ocrx_word' id='word_1_265' title='bbox 1124 3650 1283 3702; x_wconf 87' lang='lat' dir='ltr'><strong>Hunc</strong></span> <span class='ocrx_word' id='word_1_266' title='bbox 1321 3651 1480 3700; x_wconf 83' lang='lat' dir='ltr'><strong>Plinii</strong></span> <span class='ocrx_word' id='word_1_267' title='bbox 1518 3651 1690 3700; x_wconf 90' lang='lat' dir='ltr'><strong>locum</strong></span> 
     </span>
     <span class='ocr_line' id='line_1_38' title="bbox 630 3729 1691 3794; baseline -0.003 -15"><span class='ocrx_word' id='word_1_268' title='bbox 630 3729 931 3794; x_wconf 79' lang='lat' dir='ltr'><strong>onuphrius</strong></span> <span class='ocrx_word' id='word_1_269' title='bbox 968 3732 1104 3781; x_wconf 84' lang='lat' dir='ltr'><strong>male</strong></span> <span class='ocrx_word' id='word_1_270' title='bbox 1136 3729 1417 3786; x_wconf 82' lang='lat' dir='ltr'><strong>intellexit,</strong></span> <span class='ocrx_word' id='word_1_271' title='bbox 1452 3742 1570 3778; x_wconf 88' lang='lat' dir='ltr'><strong>cum</strong></span> <span class='ocrx_word' id='word_1_272' title='bbox 1608 3741 1691 3777; x_wconf 88' lang='lat' dir='ltr'><strong>se·</strong></span> 
     </span>
     <span class='ocr_line' id='line_1_39' title="bbox 621 3803 1690 3867; baseline 0 -15"><span class='ocrx_word' id='word_1_273' title='bbox 621 3803 777 3867; x_wconf 85' lang='lat' dir='ltr'><strong>jugas</strong></span> <span class='ocrx_word' id='word_1_274' title='bbox 799 3805 850 3853; x_wconf 90' lang='lat' dir='ltr'><strong>iu</strong></span> <span class='ocrx_word' id='word_1_275' title='bbox 874 3804 1008 3855; x_wconf 89' lang='lat' dir='ltr'><strong>ludis</strong></span> <span class='ocrx_word' id='word_1_276' title='bbox 1031 3804 1360 3855; x_wconf 84' lang='lat' dir='ltr'><strong>Circensibus</strong></span> <span class='ocrx_word' id='word_1_277' title='bbox 1395 3818 1462 3852; x_wconf 81' lang='lat' dir='ltr'><strong>ex</strong></span> <span class='ocrx_word' id='word_1_278' title='bbox 1485 3817 1549 3853; x_wconf 92' lang='lat' dir='ltr'><strong>eo</strong></span> <span class='ocrx_word' id='word_1_279' title='bbox 1582 3803 1690 3852; x_wconf 91' lang='lat' dir='ltr'><strong>col·</strong></span> 
     </span>
     <span class='ocr_line' id='line_1_40' title="bbox 627 3876 1687 3942; baseline 0.003 -16"><span class='ocrx_word' id='word_1_280' title='bbox 627 3878 748 3941; x_wconf 88' lang='lat' dir='ltr'><strong>ligit</strong></span> <span class='ocrx_word' id='word_1_281' title='bbox 790 3879 1013 3941; x_wconf 86' lang='lat' dir='ltr'><strong>primum</strong></span> <span class='ocrx_word' id='word_1_282' title='bbox 1055 3879 1122 3929; x_wconf 86' lang='lat' dir='ltr'><strong>ab</strong></span> <span class='ocrx_word' id='word_1_283' title='bbox 1177 3876 1417 3942; x_wconf 87' lang='lat' dir='ltr'><strong>Augusto</strong></span> <span class='ocrx_word' id='word_1_284' title='bbox 1467 3878 1687 3929; x_wconf 79' lang='lat' dir='ltr'><strong>missos:</strong></span> 
     </span>
     <span class='ocr_line' id='line_1_41' title="bbox 627 3953 1686 4017; baseline 0.001 -16"><span class='ocrx_word' id='word_1_285' title='bbox 627 3965 746 4002; x_wconf 84' lang='lat' dir='ltr'><strong>eum</strong></span> <span class='ocrx_word' id='word_1_286' title='bbox 771 3953 843 4002; x_wconf 89' lang='lat' dir='ltr'><strong>sit</strong></span> <span class='ocrx_word' id='word_1_287' title='bbox 875 3953 1136 4003; x_wconf 83' lang='lat' dir='ltr'><strong>sententia</strong></span> <span class='ocrx_word' id='word_1_288' title='bbox 1170 3954 1324 4016; x_wconf 86' lang='lat' dir='ltr'><strong>longe</strong></span> <span class='ocrx_word' id='word_1_289' title='bbox 1355 3953 1551 4017; x_wconf 86' lang='lat' dir='ltr'><strong>dispar,</strong></span> <span class='ocrx_word' id='word_1_290' title='bbox 1584 3960 1686 4005; x_wconf 86' lang='lat' dir='ltr'><strong>sta·</strong></span> 
     </span>
     <span class='ocr_line' id='line_1_42' title="bbox 626 4029 1685 4095; baseline 0.003 -19"><span class='ocrx_word' id='word_1_291' title='bbox 626 4035 772 4078; x_wconf 84' lang='lat' dir='ltr'><strong>tuam</strong></span> <span class='ocrx_word' id='word_1_292' title='bbox 795 4029 997 4080; x_wconf 87' lang='lat' dir='ltr'><strong>seilicet</strong></span> <span class='ocrx_word' id='word_1_293' title='bbox 1020 4029 1382 4093; x_wconf 83' lang='lat' dir='ltr'><strong>triumphalem</strong></span> <span class='ocrx_word' id='word_1_294' title='bbox 1405 4044 1522 4080; x_wconf 88' lang='lat' dir='ltr'><strong>cum</strong></span> <span class='ocrx_word' id='word_1_295' title='bbox 1537 4031 1685 4095; x_wconf 87' lang='lat' dir='ltr'><strong>equis</strong></span> 
     </span>
     <span class='ocr_line' id='line_1_43' title="bbox 627 4103 1685 4168; baseline 0.005 -17"><span class='ocrx_word' id='word_1_296' title='bbox 627 4103 889 4167; x_wconf 77' lang='lat' dir='ltr'><strong>sejugibus</strong></span> <span class='ocrx_word' id='word_1_297' title='bbox 906 4105 1125 4168; x_wconf 89' lang='lat' dir='ltr'><strong>primum</strong></span> <span class='ocrx_word' id='word_1_298' title='bbox 1140 4105 1207 4155; x_wconf 86' lang='lat' dir='ltr'><strong>ab</strong></span> <span class='ocrx_word' id='word_1_299' title='bbox 1223 4119 1287 4155; x_wconf 90' lang='lat' dir='ltr'><strong>eo</strong></span> <span class='ocrx_word' id='word_1_300' title='bbox 1310 4105 1547 4168; x_wconf 79' lang='lat' dir='ltr'><strong>positam.</strong></span> <span class='ocrx_word' id='word_1_301' title='bbox 1591 4107 1685 4155; x_wconf 86' lang='lat' dir='ltr'><strong>Se-</strong></span> 
     </span>
     <span class='ocr_line' id='line_1_44' title="bbox 619 4179 1684 4244; baseline 0.002 -17"><span class='ocrx_word' id='word_1_302' title='bbox 619 4179 774 4242; x_wconf 81' lang='lat' dir='ltr'><strong>juges</strong></span> <span class='ocrx_word' id='word_1_303' title='bbox 810 4185 980 4229; x_wconf 85' lang='lat' dir='ltr'><strong>tamen</strong></span> <span class='ocrx_word' id='word_1_304' title='bbox 1015 4180 1069 4230; x_wconf 90' lang='lat' dir='ltr'><strong>iu</strong></span> <span class='ocrx_word' id='word_1_305' title='bbox 1091 4179 1352 4244; x_wconf 85' lang='lat' dir='ltr'><strong>Capitolio</strong></span> <span class='ocrx_word' id='word_1_306' title='bbox 1390 4187 1596 4229; x_wconf 84' lang='lat' dir='ltr'><strong>auratos</strong></span> <span class='ocrx_word' id='word_1_307' title='bbox 1616 4179 1684 4229; x_wconf 80' lang='lat' dir='ltr'><strong>ab</strong></span> 
     </span>
     <span class='ocr_line' id='line_1_45' title="bbox 538 4248 1684 4323; baseline 0.003 -18"><span class='ocrx_word' id='word_1_308' title='bbox 538 4248 555 4267; x_wconf 73' lang='lat'>⁸</span> <span class='ocrx_word' id='word_1_309' title='bbox 629 4255 726 4306; x_wconf 86' lang='lat' dir='ltr'><strong>Cn.</strong></span> <span class='ocrx_word' id='word_1_310' title='bbox 770 4254 1009 4308; x_wconf 88' lang='lat' dir='ltr'><strong>Cornelio</strong></span> <span class='ocrx_word' id='word_1_311' title='bbox 1051 4257 1247 4322; x_wconf 83' lang='lat' dir='ltr'><strong>positos</strong></span> <span class='ocrx_word' id='word_1_312' title='bbox 1283 4257 1508 4323; x_wconf 80' lang='lat' dir='ltr'><strong>reperio.</strong></span> <span class='ocrx_word' id='word_1_313' title='bbox 1544 4256 1684 4322; x_wconf 86' lang='lat' dir='ltr'><strong>apud</strong></span> 
     </span>
    </p>
   </div>
   <div class='ocr_carea' id='block_1_11' title="bbox 1767 2516 2829 3854">
    <p class='ocr_par' dir='ltr' id='par_1_12' title="bbox 1781 2516 2828 2655">
     <span class='ocr_line' id='line_1_46' title="bbox 1781 2516 2828 2572; baseline -0.007 0"><span class='ocrx_word' id='word_1_314' title='bbox 1781 2522 1931 2572; x_wconf 87' lang='lat' dir='ltr'><strong>Colb.</strong></span> <span class='ocrx_word' id='word_1_315' title='bbox 1966 2526 2013 2571; x_wconf 75' lang='lat'><strong>8.</strong></span> <span class='ocrx_word' id='word_1_316' title='bbox 2055 2528 2112 2571; x_wconf 89' lang='lat' dir='ltr'><strong>et</strong></span> <span class='ocrx_word' id='word_1_317' title='bbox 2145 2520 2251 2569; x_wconf 85' lang='lat' dir='ltr'><strong>alii.</strong></span> <span class='ocrx_word' id='word_1_318' title='bbox 2301 2517 2444 2568; x_wconf 88' lang='lat' dir='ltr'><strong>Libri</strong></span> <span class='ocrx_word' id='word_1_319' title='bbox 2486 2524 2644 2567; x_wconf 81' lang='lat' dir='ltr'><strong>antea</strong></span> <span class='ocrx_word' id='word_1_320' title='bbox 2693 2516 2828 2567; x_wconf 85' lang='lat' dir='ltr'><strong>editi</strong></span> 
     </span>
     <span class='ocr_line' id='line_1_47' title="bbox 1787 2592 2666 2655; baseline -0.006 -9"><span class='ocrx_word' id='word_1_321' title='bbox 1787 2598 1924 2646; x_wconf 77' lang='lat' dir='ltr'><strong>Unde</strong></span> <span class='ocrx_word' id='word_1_322' title='bbox 1942 2601 1991 2646; x_wconf 81' lang='lat' dir='ltr'><strong>et</strong></span> <span class='ocrx_word' id='word_1_323' title='bbox 2011 2595 2189 2644; x_wconf 81' lang='lat' dir='ltr'><strong>nostris</strong></span> <span class='ocrx_word' id='word_1_324' title='bbox 2209 2608 2377 2643; x_wconf 74' lang='lat' dir='ltr'><strong>currus</strong></span> <span class='ocrx_word' id='word_1_325' title='bbox 2397 2593 2450 2641; x_wconf 74' lang='lat' dir='ltr'><strong>in</strong></span> <span class='ocrx_word' id='word_1_326' title='bbox 2470 2592 2565 2655; x_wconf 74' lang='lat' dir='ltr'><strong>his,</strong></span> <span class='ocrx_word' id='word_1_327' title='bbox 2583 2595 2666 2655; x_wconf 75' lang='lat'><strong>⁸5⁶·</strong></span> 
     </span>
    </p>

    <p class='ocr_par' dir='ltr' id='par_1_13' title="bbox 1773 2667 2829 3024">
     <span class='ocr_line' id='line_1_48' title="bbox 1844 2667 2829 2734; baseline -0.005 -13"><span class='ocrx_word' id='word_1_328' title='bbox 1844 2679 1868 2713; x_wconf 66' lang='lat' dir='ltr'>r</span> <span class='ocrx_word' id='word_1_329' title='bbox 1922 2670 2145 2734; x_wconf 61' lang='lat' dir='ltr'><strong>seiuges]</strong></span> <span class='ocrx_word' id='word_1_330' title='bbox 2201 2669 2339 2732; x_wconf 86' lang='lat' dir='ltr'><strong>Equi</strong></span> <span class='ocrx_word' id='word_1_331' title='bbox 2380 2667 2491 2716; x_wconf 85' lang='lat' dir='ltr'><strong>seni</strong></span> <span class='ocrx_word' id='word_1_332' title='bbox 2534 2681 2637 2717; x_wconf 89' lang='lat' dir='ltr'><strong>uno</strong></span> <span class='ocrx_word' id='word_1_333' title='bbox 2687 2680 2829 2717; x_wconf 68' lang='lat' dir='ltr'><strong>curri</strong></span> 
     </span>
     <span class='ocr_line' id='line_1_49' title="bbox 1773 2746 2829 2809; baseline -0.004 -13"><span class='ocrx_word' id='word_1_334' title='bbox 1773 2746 1965 2809; x_wconf 87' lang='lat' dir='ltr'><strong>juncti.</strong></span> <span class='ocrx_word' id='word_1_335' title='bbox 2029 2746 2225 2807; x_wconf 66' lang='lat' dir='ltr'><strong>Brutis,</strong></span> <span class='ocrx_word' id='word_1_336' title='bbox 2257 2756 2480 2799; x_wconf 63' lang='lat' dir='ltr'><strong>Taren,</strong></span> <span class='ocrx_word' id='word_1_337' title='bbox 2502 2755 2829 2796; x_wconf 64' lang='lat' dir='ltr'><strong>Qvanmmts</strong></span> 
     </span>
     <span class='ocr_line' id='line_1_50' title="bbox 1779 2819 2827 2888; baseline -0.006 -15"><span class='ocrx_word' id='word_1_338' title='bbox 1779 2836 2021 2888; x_wconf 69' lang='lat' dir='ltr'><strong>suivans,</strong></span> <span class='ocrx_word' id='word_1_339' title='bbox 2072 2828 2129 2872; x_wconf 89' lang='lat' dir='ltr'><strong>et</strong></span> <span class='ocrx_word' id='word_1_340' title='bbox 2178 2833 2510 2871; x_wconf 73' lang='lat' dir='ltr'><strong>smntvcns</strong></span> <span class='ocrx_word' id='word_1_341' title='bbox 2563 2819 2730 2870; x_wconf 83' lang='lat' dir='ltr'><strong>habet</strong></span> <span class='ocrx_word' id='word_1_342' title='bbox 2772 2820 2827 2868; x_wconf 88' lang='lat' dir='ltr'><strong>iu</strong></span> 
     </span>
     <span class='ocr_line' id='line_1_51' title="bbox 1778 2895 2829 2962; baseline -0.006 -14"><span class='ocrx_word' id='word_1_343' title='bbox 1778 2899 1994 2962; x_wconf 84' lang='lat' dir='ltr'><strong>scriptio</strong></span> <span class='ocrx_word' id='word_1_344' title='bbox 2030 2904 2177 2948; x_wconf 81' lang='lat' dir='ltr'><strong>vetus</strong></span> <span class='ocrx_word' id='word_1_345' title='bbox 2210 2896 2350 2959; x_wconf 85' lang='lat' dir='ltr'><strong>apud</strong></span> <span class='ocrx_word' id='word_1_346' title='bbox 2385 2895 2694 2957; x_wconf 83' lang='lat' dir='ltr'><strong>Gruterum,</strong></span> <span class='ocrx_word' id='word_1_347' title='bbox 2722 2907 2829 2957; x_wconf 85' lang='lat' dir='ltr'><strong>pag</strong></span> 
     </span>
     <span class='ocr_line' id='line_1_52' title="bbox 1780 2979 1898 3024; baseline -0.008 0"><span class='ocrx_word' id='word_1_348' title='bbox 1780 2979 1898 3024; x_wconf 72' lang='lat'><strong>387.</strong></span> 
     </span>
    </p>

    <p class='ocr_par' dir='ltr' id='par_1_14' title="bbox 1767 3044 2829 3854">
     <span class='ocr_line' id='line_1_53' title="bbox 1843 3044 2825 3111; baseline -0.007 -10"><span class='ocrx_word' id='word_1_349' title='bbox 1843 3059 1867 3085; x_wconf 80' lang='lat'>⁸</span> <span class='ocrx_word' id='word_1_350' title='bbox 1899 3051 2036 3100; x_wconf 76' lang='lat' dir='ltr'><strong>Sicut</strong></span> <span class='ocrx_word' id='word_1_351' title='bbox 2064 3051 2121 3102; x_wconf 87' lang='lat' dir='ltr'><strong>C.</strong></span> <span class='ocrx_word' id='word_1_352' title='bbox 2143 3047 2350 3111; x_wconf 77' lang='lat' dir='ltr'><strong>Moeuio]</strong></span> <span class='ocrx_word' id='word_1_353' title='bbox 2385 3049 2443 3099; x_wconf 76' lang='lat' dir='ltr'><strong>[a.</strong></span> <span class='ocrx_word' id='word_1_354' title='bbox 2466 3046 2613 3097; x_wconf 86' lang='lat' dir='ltr'><strong>Furii</strong></span> <span class='ocrx_word' id='word_1_355' title='bbox 2637 3044 2825 3096; x_wconf 78' lang='lat' dir='ltr'><strong>Camil!</strong></span> 
     </span>
     <span class='ocr_line' id='line_1_54' title="bbox 1776 3120 2829 3188; baseline -0.008 -11"><span class='ocrx_word' id='word_1_356' title='bbox 1776 3127 1830 3177; x_wconf 89' lang='lat' dir='ltr'><strong>in</strong></span> <span class='ocrx_word' id='word_1_357' title='bbox 1874 3127 2158 3177; x_wconf 83' lang='lat' dir='ltr'><strong>Consulatu</strong></span> <span class='ocrx_word' id='word_1_358' title='bbox 2200 3125 2453 3188; x_wconf 59' lang='lat' dir='ltr'><strong>Collega,</strong></span> <span class='ocrx_word' id='word_1_359' title='bbox 2497 3136 2635 3172; x_wconf 86' lang='lat' dir='ltr'><strong>anno</strong></span> <span class='ocrx_word' id='word_1_360' title='bbox 2680 3120 2829 3170; x_wconf 70' lang='lat' dir='ltr'><strong>Urbis</strong></span> 
     </span>
     <span class='ocr_line' id='line_1_55' title="bbox 1777 3197 2828 3265; baseline -0.007 -13"><span class='ocrx_word' id='word_1_361' title='bbox 1777 3213 2001 3252; x_wconf 71' lang='lat' dir='ltr'><strong>cccch.</strong></span> <span class='ocrx_word' id='word_1_362' title='bbox 2025 3201 2092 3250; x_wconf 90' lang='lat' dir='ltr'><strong>de</strong></span> <span class='ocrx_word' id='word_1_363' title='bbox 2115 3213 2217 3265; x_wconf 90' lang='lat' dir='ltr'><strong>quo</strong></span> <span class='ocrx_word' id='word_1_364' title='bbox 2241 3199 2418 3248; x_wconf 83' lang='lat' dir='ltr'><strong>Livius</strong></span> <span class='ocrx_word' id='word_1_365' title='bbox 2450 3197 2541 3247; x_wconf 89' lang='lat' dir='ltr'><strong>lib.</strong></span> <span class='ocrx_word' id='word_1_366' title='bbox 2564 3209 2696 3246; x_wconf 83' lang='lat' dir='ltr'><strong>vm.</strong></span> <span class='ocrx_word' id='word_1_367' title='bbox 2721 3210 2828 3259; x_wconf 84' lang='lat' dir='ltr'><strong>pag</strong></span> 
     </span>
     <span class='ocr_line' id='line_1_56' title="bbox 1776 3272 2829 3341; baseline -0.009 -14"><span class='ocrx_word' id='word_1_368' title='bbox 1776 3282 1889 3327; x_wconf 80' lang='lat'><strong>141.</strong></span> <span class='ocrx_word' id='word_1_369' title='bbox 1920 3277 2009 3341; x_wconf 87' lang='lat' dir='ltr'><strong>qui</strong></span> <span class='ocrx_word' id='word_1_370' title='bbox 2044 3275 2306 3337; x_wconf 76' lang='lat' dir='ltr'><strong>Lavinius,</strong></span> <span class='ocrx_word' id='word_1_371' title='bbox 2340 3280 2396 3323; x_wconf 88' lang='lat' dir='ltr'><strong>et</strong></span> <span class='ocrx_word' id='word_1_372' title='bbox 2426 3272 2753 3329; x_wconf 87' lang='lat' dir='ltr'><strong>Veliternos,</strong></span> <span class='ocrx_word' id='word_1_373' title='bbox 2788 3285 2829 3320; x_wconf 91' lang='lat' dir='ltr'><strong>e·</strong></span> 
     </span>
     <span class='ocr_line' id='line_1_57' title="bbox 1776 3348 2829 3404; baseline -0.007 0"><span class='ocrx_word' id='word_1_374' title='bbox 1776 3354 2023 3404; x_wconf 85' lang='lat' dir='ltr'><strong>Antiatas</strong></span> <span class='ocrx_word' id='word_1_375' title='bbox 2046 3352 2271 3403; x_wconf 76' lang='lat' dir='ltr'><strong>devicit:</strong></span> <span class='ocrx_word' id='word_1_376' title='bbox 2307 3349 2385 3401; x_wconf 87' lang='lat' dir='ltr'><strong>uti</strong></span> <span class='ocrx_word' id='word_1_377' title='bbox 2417 3357 2523 3399; x_wconf 89' lang='lat' dir='ltr'><strong>tum</strong></span> <span class='ocrx_word' id='word_1_378' title='bbox 2560 3363 2629 3398; x_wconf 87' lang='lat' dir='ltr'><strong>ex</strong></span> <span class='ocrx_word' id='word_1_379' title='bbox 2652 3348 2829 3398; x_wconf 86' lang='lat' dir='ltr'><strong>eoden</strong></span> 
     </span>
     <span class='ocr_line' id='line_1_58' title="bbox 1774 3423 2829 3484; baseline -0.008 -6"><span class='ocrx_word' id='word_1_380' title='bbox 1774 3429 1921 3478; x_wconf 84' lang='lat' dir='ltr'><strong>Livio</strong></span> <span class='ocrx_word' id='word_1_381' title='bbox 1955 3428 2220 3484; x_wconf 84' lang='lat' dir='ltr'><strong>discimus,</strong></span> <span class='ocrx_word' id='word_1_382' title='bbox 2260 3426 2358 3475; x_wconf 81' lang='lat' dir='ltr'><strong>loc.</strong></span> <span class='ocrx_word' id='word_1_383' title='bbox 2392 3424 2484 3473; x_wconf 89' lang='lat' dir='ltr'><strong>cit.</strong></span> <span class='ocrx_word' id='word_1_384' title='bbox 2519 3430 2632 3473; x_wconf 81' lang='lat' dir='ltr'><strong>turn</strong></span> <span class='ocrx_word' id='word_1_385' title='bbox 2670 3436 2742 3472; x_wconf 78' lang='lat' dir='ltr'><strong>ex</strong></span> <span class='ocrx_word' id='word_1_386' title='bbox 2764 3423 2829 3471; x_wconf 56' lang='lat' dir='ltr'><strong>in&gt;</strong></span> 
     </span>
     <span class='ocr_line' id='line_1_59' title="bbox 1773 3497 2829 3566; baseline -0.007 -14"><span class='ocrx_word' id='word_1_387' title='bbox 1773 3503 2061 3566; x_wconf 88' lang='lat' dir='ltr'><strong>scriptione</strong></span> <span class='ocrx_word' id='word_1_388' title='bbox 2104 3499 2387 3564; x_wconf 85' lang='lat' dir='ltr'><strong>Capitolini</strong></span> <span class='ocrx_word' id='word_1_389' title='bbox 2430 3497 2641 3561; x_wconf 87' lang='lat' dir='ltr'><strong>lapidis,</strong></span> <span class='ocrx_word' id='word_1_390' title='bbox 2698 3499 2829 3560; x_wconf 74' lang='lat' dir='ltr'><strong>aput</strong></span> 
     </span>
     <span class='ocr_line' id='line_1_60' title="bbox 1772 3579 2828 3641; baseline -0.009 -12"><span class='ocrx_word' id='word_1_391' title='bbox 1772 3579 1985 3629; x_wconf 84' lang='lat' dir='ltr'><strong>Gruter.</strong></span> <span class='ocrx_word' id='word_1_392' title='bbox 2018 3591 2141 3641; x_wconf 85' lang='lat' dir='ltr'><strong>pag.</strong></span> <span class='ocrx_word' id='word_1_393' title='bbox 2162 3580 2277 3625; x_wconf 79' lang='grc'><strong>297.</strong></span> <span class='ocrx_word' id='word_1_394' title='bbox 2307 3587 2360 3625; x_wconf 85' lang='lat' dir='ltr'><strong>e.</strong></span> <span class='ocrx_word' id='word_1_395' title='bbox 2385 3585 2654 3623; x_wconf 71' lang='lat' dir='ltr'><strong>nAssmvs.</strong></span> <span class='ocrx_word' id='word_1_396' title='bbox 2695 3585 2751 3620; x_wconf 71' lang='grc' dir='ltr'><strong>ι’.</strong></span> <span class='ocrx_word' id='word_1_397' title='bbox 2792 3586 2828 3620; x_wconf 73' lang='lat'><strong>1³·</strong></span> 
     </span>
     <span class='ocr_line' id='line_1_61' title="bbox 1771 3660 2829 3703; baseline -0.007 0"><span class='ocrx_word' id='word_1_398' title='bbox 1771 3665 1824 3703; x_wconf 76' lang='lat' dir='ltr'><strong>P.</strong></span> <span class='ocrx_word' id='word_1_399' title='bbox 1848 3666 1903 3703; x_wconf 73' lang='grc' dir='ltr'><strong>Ν.</strong></span> <span class='ocrx_word' id='word_1_400' title='bbox 1926 3665 2038 3703; x_wconf 88' lang='lat' dir='ltr'><strong>cos.</strong></span> <span class='ocrx_word' id='word_1_401' title='bbox 2072 3663 2166 3701; x_wconf 70' lang='lat' dir='ltr'><strong>nn.</strong></span> <span class='ocrx_word' id='word_1_402' title='bbox 2201 3662 2549 3700; x_wconf 70' lang='lat' dir='ltr'><strong>Amrnmvs.</strong></span> <span class='ocrx_word' id='word_1_403' title='bbox 2574 3660 2829 3698; x_wconf 66' lang='lat' dir='ltr'><strong>navium:</strong></span> 
     </span>
     <span class='ocr_line' id='line_1_62' title="bbox 1768 3734 2823 3779; baseline -0.008 0"><span class='ocrx_word' id='word_1_404' title='bbox 1768 3740 2150 3779; x_wconf 66' lang='lat' dir='ltr'><strong>venta-anneis.</strong></span> <span class='ocrx_word' id='word_1_405' title='bbox 2182 3734 2400 3775; x_wconf 64' lang='lat' dir='ltr'><strong>emme.</strong></span> <span class='ocrx_word' id='word_1_406' title='bbox 2431 3738 2487 3774; x_wconf 78' lang='lat' dir='ltr'><strong>x.</strong></span> <span class='ocrx_word' id='word_1_407' title='bbox 2514 3736 2716 3774; x_wconf 73' lang='lat' dir='ltr'><strong>oc‘ron.</strong></span> <span class='ocrx_word' id='word_1_408' title='bbox 2742 3735 2823 3771; x_wconf 69' lang='grc' dir='ltr'><strong>ΛΝ</strong></span> 
     </span>
     <span class='ocr_line' id='line_1_63' title="bbox 1767 3799 2829 3854; baseline -0.007 0"><span class='ocrx_word' id='word_1_409' title='bbox 1767 3818 1965 3854; x_wconf 82' lang='lat' dir='ltr'><strong>cnxvr.</strong></span> <span class='ocrx_word' id='word_1_410' title='bbox 2010 3802 2255 3852; x_wconf 83' lang='lat' dir='ltr'><strong>Meminit</strong></span> <span class='ocrx_word' id='word_1_411' title='bbox 2274 3802 2526 3851; x_wconf 62' lang='lat' dir='ltr'><strong>columna</strong></span> <span class='ocrx_word' id='word_1_412' title='bbox 2552 3799 2829 3849; x_wconf 76' lang='lat' dir='ltr'><strong>Maenlana</strong></span> 
     </span>
    </p>
   </div>
   <div class='ocr_carea' id='block_1_12' title="bbox 1763 3879 2829 4318">
    <p class='ocr_par' dir='ltr' id='par_1_15' title="bbox 1767 3879 2438 3941">
     <span class='ocr_line' id='line_1_64' title="bbox 1767 3879 2438 3941; baseline -0.006 -13"><span class='ocrx_word' id='word_1_413' title='bbox 1767 3879 1971 3929; x_wconf 86' lang='lat' dir='ltr'><strong>Nonius</strong></span> <span class='ocrx_word' id='word_1_414' title='bbox 1987 3892 2102 3941; x_wconf 84' lang='lat' dir='ltr'><strong>cap.</strong></span> <span class='ocrx_word' id='word_1_415' title='bbox 2129 3882 2177 3927; x_wconf 92' lang='lat'><strong>1.</strong></span> <span class='ocrx_word' id='word_1_416' title='bbox 2201 3890 2341 3927; x_wconf 89' lang='lat' dir='ltr'><strong>num.</strong></span> <span class='ocrx_word' id='word_1_417' title='bbox 2356 3880 2438 3926; x_wconf 72' lang='lat'><strong>88.</strong></span> 
     </span>
    </p>

    <p class='ocr_par' dir='ltr' id='par_1_16' title="bbox 1763 3949 2829 4318">
     <span class='ocr_line' id='line_1_65' title="bbox 1826 3949 2826 4013; baseline -0.007 -9"><span class='ocrx_word' id='word_1_418' title='bbox 1826 3954 1856 3989; x_wconf 62' lang='grc' dir='ltr'>ὓ</span> <span class='ocrx_word' id='word_1_419' title='bbox 1899 3954 2097 4003; x_wconf 75' lang='lat' dir='ltr'><strong>Priscus</strong></span> <span class='ocrx_word' id='word_1_420' title='bbox 2135 3949 2357 4013; x_wconf 77' lang='lat' dir='ltr'><strong>Latinos]</strong></span> <span class='ocrx_word' id='word_1_421' title='bbox 2414 3949 2621 3999; x_wconf 87' lang='lat' dir='ltr'><strong>Latium</strong></span> <span class='ocrx_word' id='word_1_422' title='bbox 2665 3954 2826 3998; x_wconf 84' lang='lat' dir='ltr'><strong>vetus</strong></span> 
     </span>
     <span class='ocr_line' id='line_1_66' title="bbox 1765 4023 2829 4079; baseline -0.008 1"><span class='ocrx_word' id='word_1_423' title='bbox 1765 4030 1944 4079; x_wconf 84' lang='lat' dir='ltr'><strong>Livius</strong></span> <span class='ocrx_word' id='word_1_424' title='bbox 1966 4031 2065 4079; x_wconf 89' lang='lat' dir='ltr'><strong>loc.</strong></span> <span class='ocrx_word' id='word_1_425' title='bbox 2088 4028 2182 4078; x_wconf 86' lang='lat' dir='ltr'><strong>cit.</strong></span> <span class='ocrx_word' id='word_1_426' title='bbox 2217 4027 2284 4076; x_wconf 92' lang='lat' dir='ltr'><strong>de</strong></span> <span class='ocrx_word' id='word_1_427' title='bbox 2318 4025 2537 4075; x_wconf 85' lang='lat' dir='ltr'><strong>Camillo</strong></span> <span class='ocrx_word' id='word_1_428' title='bbox 2558 4029 2616 4074; x_wconf 89' lang='lat' dir='ltr'><strong>et</strong></span> <span class='ocrx_word' id='word_1_429' title='bbox 2637 4023 2829 4074; x_wconf 64' lang='lat' dir='ltr'><strong>Maean</strong></span> 
     </span>
     <span class='ocr_line' id='line_1_67' title="bbox 1766 4103 2812 4167; baseline -0.008 -13"><span class='ocrx_word' id='word_1_430' title='bbox 1766 4105 1911 4154; x_wconf 87' lang='lat' dir='ltr'><strong>Coss.</strong></span> <span class='ocrx_word' id='word_1_431' title='bbox 1932 4104 1948 4132; x_wconf 90' lang='lat'>‘</span> <span class='ocrx_word' id='word_1_432' title='bbox 1965 4103 2016 4154; x_wconf 89' lang='lat' dir='ltr'>N</span> <span class='ocrx_word' id='word_1_433' title='bbox 2020 4116 2083 4152; x_wconf 86' lang='lat' dir='ltr'><strong>ee</strong></span> <span class='ocrx_word' id='word_1_434' title='bbox 2105 4103 2352 4167; x_wconf 82' lang='lat' dir='ltr'><strong>quievere</strong></span> <span class='ocrx_word' id='word_1_435' title='bbox 2374 4106 2515 4162; x_wconf 87' lang='lat' dir='ltr'><strong>ante,</strong></span> <span class='ocrx_word' id='word_1_436' title='bbox 2535 4114 2697 4164; x_wconf 87' lang='lat' dir='ltr'><strong>quam</strong></span> <span class='ocrx_word' id='word_1_437' title='bbox 2724 4130 2740 4146; x_wconf 86' lang='lat'><strong>.</strong></span> <span class='ocrx_word' id='word_1_438' title='bbox 2759 4132 2774 4146; x_wconf 91' lang='lat'><strong>.</strong></span> <span class='ocrx_word' id='word_1_439' title='bbox 2797 4131 2812 4147; x_wconf 91' lang='lat'><strong>.</strong></span> 
     </span>
     <span class='ocr_line' id='line_1_68' title="bbox 1763 4174 2829 4244; baseline -0.008 -14"><span class='ocrx_word' id='word_1_440' title='bbox 1763 4180 1973 4231; x_wconf 88' lang='lat' dir='ltr'><strong>Latium</strong></span> <span class='ocrx_word' id='word_1_441' title='bbox 2017 4192 2172 4228; x_wconf 90' lang='lat' dir='ltr'><strong>omne</strong></span> <span class='ocrx_word' id='word_1_442' title='bbox 2212 4174 2501 4240; x_wconf 86' lang='lat' dir='ltr'><strong>subegere.&#39;</strong></span> <span class='ocrx_word' id='word_1_443' title='bbox 2555 4175 2632 4244; x_wconf 83' lang='lat' dir='ltr'><strong>Et</strong></span> <span class='ocrx_word' id='word_1_444' title='bbox 2674 4174 2829 4237; x_wconf 78' lang='lat' dir='ltr'><strong>paul&lt;</strong></span> 
     </span>
     <span class='ocr_line' id='line_1_69' title="bbox 1764 4250 2828 4318; baseline -0.008 -11"><span class='ocrx_word' id='word_1_445' title='bbox 1764 4262 1902 4317; x_wconf 80' lang='lat' dir='ltr'><strong>post,</strong></span> <span class='ocrx_word' id='word_1_446' title='bbox 1936 4255 1992 4307; x_wconf 87' lang='lat' dir='ltr'><strong>in</strong></span> <span class='ocrx_word' id='word_1_447' title='bbox 2015 4254 2254 4307; x_wconf 82' lang='lat' dir='ltr'><strong>oratione</strong></span> <span class='ocrx_word' id='word_1_448' title='bbox 2287 4266 2319 4303; x_wconf 82' lang='lat' dir='ltr'><strong>a</strong></span> <span class='ocrx_word' id='word_1_449' title='bbox 2353 4251 2572 4304; x_wconf 83' lang='lat' dir='ltr'><strong>Camillo</strong></span> <span class='ocrx_word' id='word_1_450' title='bbox 2610 4250 2828 4318; x_wconf 48' lang='lat' dir='ltr'><strong>habita¹</strong></span> 
     </span>
    </p>
   </div>
   <div class='ocr_carea' id='block_1_13' title="bbox 2695 4401 2743 4429">
    <p class='ocr_par' dir='ltr' id='par_1_17' title="bbox 2695 4401 2743 4429">
     <span class='ocr_line' id='line_1_70' title="bbox 2695 4401 2743 4429; baseline 0 0"><span class='ocrx_word' id='word_1_451' title='bbox 2695 4401 2743 4429; x_wconf 64' lang='lat'><strong>0»</strong></span> 
     </span>
    </p>
   </div>
  </div>
 </body>
</html>
