3000 4917
471 329 645 396 4696
1210 348 1274 393 c.
1323 344 1568 395 anu
1618 343 1856 394 secun
1874 344 1949 392 m

471 490 519 555 J
522 492 669 555 ovis
726 490 873 554 aede
931 489 1239 555 extitisse
1290 490 1640 573 picturam,
1694 490 2040 572 cultusque
2091 487 2387 571 reliquos
2439 505 2677 553 omnes

474 592 809 657 foemineis
839 594 1233 674 argumentis
1263 592 1585 656 constat!
1670 591 1936 657 Etenim
1983 591 2163 655 facta
2200 590 2495 655 «lunonis
2526 589 2678 658 aede

435 714 629 760 cum
677 694 1072 766 inferrentur
1126 696 1340 776 signa,
1401 701 1818 777 permutasse
1874 693 2086 778 geruli
2128 685 2570 759 'traduntur-:¹
2608 700 2678 758 et

476 794 548 857 id
595 795 905 877 religione
922 804 980 845 ⁷4
1022 797 1460 872 custoditum,
1511 797 1694 860 velut
1736 796 1905 879 ipsis
1943 794 2101 860 Diis
2132 793 2358 860 sedem
2388 796 2486 857 ita
2517 814 2678 877 par-

476 895 641 959 titis.
731 897 906 980 Ergo
953 904 1017 962 et
1059 898 1130 962 in
1169 897 1217 962 J
1223 900 1457 963 uuonis
1505 896 1650 962 aede
1693 898 1918 961 cultus
1962 902 2091 974 est,
2125 895 2247 980 qui
2283 895 2331 960 J
2337 897 2488 962 ovis
2520 916 2679 961 esse

482 999 733 1065 debuit.
1211 1083 1215 1087 ι

565 1100 735 1165 Sunt
761 1106 827 1166 et
853 1101 921 1164 in
953 1101 1182 1184 parvis
1213 1102 1600 1168 marmoreis
1634 1100 1884 1165 famam
1913 1101 2282 1178 consecuti,
2317 1100 2683 1184 Myrmeci-

482 1203 655 1278 deS,<3
687 1202 879 1287 cujus
910 1204 1295 1287 quadrigam
1325 1224 1480 1272 cum
1514 1204 1842 1287 agitatore
1871 1203 2220 1286 cooperuit
2248 1203 2373 1280 alis
2403 1222 2680 1267 musca:

480 1314 550 1370 et
579 1305 999 1384 CallicrateS,
1032 1308 1226 1391 cujus
1254 1309 1681 1373 formicarum
1713 1307 1925 1391 pedes
1962 1314 2168 1388 atque
2210 1306 2347 1384 alia
2382 1306 2684 1374 membra

479 1408 822 1492 pervidere
851 1427 980 1471 non
1011 1415 1131 1473 est.

571 1528 640 1575 v.
690 1508 868 1595 (vl.)
920 1511 1101 1576 Haec
1164 1512 1303 1576 sint
1358 1512 1547 1577 dicta
1598 1511 1690 1575 ‘de
1748 1529 2152 1576 marmorum
2209 1509 2689 1593 scalptoribus,

482 1631 874 1706 summaque
914 1613 1215 1677 claritate
1262 1613 1630 1679 artificum:
1676 1632 1814 1696 quo
1856 1612 1926 1676 in
1963 1618 2255 1677 tractatu
2287 1612 2470 1675 subit
2497 1629 2686 1674 men-

482 1722 617 1779 tem
644 1733 777 1777 non
805 1713 1019 1778 fuisse
1042 1723 1061 1752 ¹
1108 1720 1243 1779 tum
1275 1715 1750 1780 auctoritatem
1780 1715 2126 1780 maculoso
2156 1714 2491 1779 marmori.
2561 1712 2687 1778 Fe-

485 1811 673 1878 ceref
710 1835 749 1880 e
795 1815 1052 1880 Thasio
1101 1816 1466 1901 Cycladum
1519 1817 1910 1891 insularum,
1949 1834 2142 1898 aeque
2187 1818 2258 1877 et
2298 1834 2339 1878 e
2388 1812 2687 1878 Lesbio:

483 1915 754 1980 lividius
800 1918 926 1982 hoc
973 1918 1206 2002 paulo.
1292 1917 1754 1984 Versiculores
1804 1917 2068 2001 quidem
2120 1916 2448 1994 maculae,
2498 1921 2571 1979 et
2619 1913 2689 1977 in

485 2022 706 2081 totum
747 2036 1145 2083 marmorum
1192 2027 1587 2103 apparatum
1630 2018 2042 2085 Menander⁸
2085 2019 2290 2083 etiam
2316 2016 2694 2099 diligentis-

487 2119 697 2183 simus
739 2120 1022 2185 luxuriae
1070 2122 1447 2205 interpres,2
1493 2120 1751 2205 primus
1791 2126 1858 2183 et
1895 2140 2046 2184 raro
2076 2120 2321 2202 attigit,
2411 2118 2692 2182 Colum-

488 2222 594 2285 nis
626 2222 891 2285 demum
923 2223 1269 2288 utebantur
1307 2224 1376 2287 in
1406 2222 1702 2305 templiS,
1731 2241 1857 2285 nec
1903 2222 2183 2286 lautitiae
2228 2239 2464 2298 causa,
2497 2218 2699 2309 (nonb-

489 2322 648 2386 dum
678 2326 853 2388 enim
901 2324 1032 2389 ista
1076 2322 1667 2408 intelligebantur,)
1709 2323 1828 2387 sed
1876 2325 2040 2407 quia
2083 2323 2447 2387 firmiores³
2486 2324 2695 2387 *aliter

490 2428 697 2491 statui
752 2447 884 2491 non
942 2434 1266 2512 poterant.
1354 2427 1473 2493 Sic
1536 2434 1647 2491 est
1703 2423 2138 2491 inchoatum¹¹
2180 2422 2466 2490 Athenis
2524 2431 2697 2490 tem·'

557 2598 582 2631 ¹¹
614 2601 769 2663 Signa
790 2607 837 2651 et
859 2616 1050 2651 ararum
1085 2607 1296 2661 ornatus,
1320 2615 1424 2663 τινα
1440 2599 1591 2648 sacris
1613 2600 1827 2648 Deorum
1847 2600 2133 2650 caerimoniis
2150 2602 2306 2663 mag-is
2328 2604 2664 2661 congruerent.
2695 2637 2702 2646 .

558 2662 574 2695 ²
611 2667 733 2721 Quoe
753 2667 893 2715 Jovia
912 2668 1081 2729 templo
1102 2668 1343 2716 destinata
1366 2671 1523 2729 erant,
1539 2665 1591 2713 in
1611 2665 1823 2713 sunonis
1839 2668 1942 2715 oede
1957 2667 2167 2729 potuisse
2182 2684 2198 2716 .-
2221 2671 2269 2716 et
2289 2667 2389 2715 vice
2405 2679 2567 2715 veram

1411 2807 1771 2830 OOOOOOOOOOOO

499 2907 756 2958 Harduin.
783 2912 828 2958 1.
849 2914 897 2959 2.
918 2912 967 2958 3.
989 2915 1045 2960 et
1076 2915 1297 2961 reeentt.
1363 2915 1661 2973 argumento,
1695 2926 1818 2960 rana
1858 2915 1906 2959 et
1941 2911 2117 2959 lacerta
2154 2909 2384 2959 Gronov.
2423 2912 2478 2958 et
2521 2909 2698 2972 vuigg.

496 2978 628 3024 -74
662 2975 791 3023 Cod.
815 2976 999 3024 Dalec.
1038 2976 1279 3037 religioni.
1346 2976 1495 3035 Mox,
1519 2976 1571 3024 iu
1595 2975 1814 3025 eodem:
1850 2975 1969 3024 Diis
1984 2974 2269 3034 sedentibus.
2335 2974 2551 3037 Apparet
2584 2988 2700 3034 ergo

497 3039 610 3100 quid
630 3039 684 3088 in
703 3041 759 3088 J.
777 3055 836 3089 ιε.
857 3055 899 3088 c.
914 3045 1006 3101 est,
1022 3041 1171 3103 quiin
1186 3040 1328 3089 sonis
1346 3055 1447 3091 ene
1466 3040 1630 3090 debuit
1641 3056 1660 3097 ,·
1692 3041 1922 3090 Gronov.
1945 3049 2002 3089 et
2025 3041 2092 3088 al.
2115 3047 2237 3089 ante
2255 3038 2701 3094 Harduin.etiam,

496 3102 658 3153 debuit
671 3120 691 3161 ,-
723 3106 847 3154 Vet.
886 3106 1070 3154 Dalec.
1105 3106 1188 3169 qui
1210 3105 1352 3155 Jovis
1371 3120 1469 3155 me
1490 3105 1705 3155 debebat.

565 3169 697 3218 Car.
721 3183 774 3217 v.
842 3175 868 3219 1
904 3171 1090 3233 Margo
1112 3170 1236 3219 edd.
1261 3171 1442 3220 Dalec.
1464 3178 1517 3219 et
1539 3171 1769 3220 Gronov.
1804 3170 1887 3219 ubi
1905 3175 2064 3218 eumen
2085 3169 2324 3224 sciendum
2340 3166 2517 3225 fuisse.
2553 3168 2705 3222 Mox.

501 3233 746 3295 marmori,
768 3249 910 3296 quam
931 3234 1098 3295 fecere
1121 3236 1273 3284 Poros
1299 3237 1341 3284 C
1373 3236 1560 3284 cladum
1579 3235 1843 3284 insularum
1873 3250 1987 3289 una,
2003 3249 2132 3296 oeque
2151 3239 2198 3282 et
2217 3232 2412 3282 Lesbos.
2477 3232 2703 3281 Lividius

504 3297 591 3345 hoc
625 3300 1015 3362 venientemque
1039 3301 1254 3349 maculas
1272 3300 1335 3350 Ιια
1366 3315 1464 3350 ens.
1531 3299 1594 3349 In
1616 3306 1769 3350 totum
1803 3299 1921 3350 cod.
1942 3299 2218 3349 Dalm—2
2253 3298 2382 3348 Cod.
2404 3298 2593 3346 Dalec.
2623 3297 2701 3345 cli-

1485 3430 1703 3481 Nom-2

568 3531 590 3557 e
622 3522 962 3589 Myrmecides]
1020 3526 1096 3575 Et·
1125 3526 1275 3575 aliam
1298 3542 1362 3576 ex
1386 3528 1565 3591 ebore,
1642 3527 1898 3578 Isidorum
1923 3526 2074 3588 Orig.
2110 3538 2227 3575 xvi.
2262 3530 2313 3574 6.
2350 3522 2491 3587 quod
2515 3531 2573 3574 et
2592 3524 2705 3573 livi-

506 3608 700 3666 praeter
721 3602 853 3651 hanc
876 3616 1235 3665 marmoream,
1259 3603 1563 3666 quadrigam
1643 3605 1759 3654 dius
1781 3620 1893 3653 esse
1915 3603 2216 3653 confitetur.

504 3679 545 3727 is
572 3676 801 3739 fecit,'de
825 3693 927 3744 qua
952 3678 1148 3728 dietum
1173 3688 1251 3729 est
1275 3694 1373 3729 vn.
1395 3685 1480 3730 21.
1505 3690 1564 3730 ut
1668 3734 1677 3737 ,
1711 3689 1737 3723 ⁸
1770 3677 2055 3741 Menander]
2093 3676 2351 3739 Comicus,
2369 3674 2459 3740 qui
2483 3676 2707 3725 luxuriae

504 3764 559 3806 et
582 3757 905 3820 Callicrates,
926 3758 1073 3820 cujus
1098 3756 1320 3806 artificio
1336 3757 1563 3808 delecta·
1645 3770 1804 3820 genus
1826 3770 1975 3804 omne
2006 3754 2220 3818 pulchre
2240 3752 2487 3804 callebat.
2554 3753 2708 3801 Phae-

507 3840 615 3881 tum
654 3831 909 3881 Periclem
950 3832 1186 3894 inprimis
1212 3832 1395 3883 scribit
1438 3832 1561 3882 Plu·
1644 3834 1769 3883 drus
1810 3834 1901 3885 lib.
1921 3846 1976 3881 v.
2006 3833 2022 3859 ‘
2043 3832 2106 3880 Iu
2141 3831 2254 3894 quis
2287 3829 2585 3879 Menander
2617 3844 2713 3879 no-

506 3909 719 3957 tarchns
743 3910 795 3957 in
820 3909 1047 3967 Pericle,
1073 3924 1189 3971 pag.
1214 3913 1328 3960 159.
1643 3910 1760 3959 bilis
1801 3908 2085 3970 comoediis,
2115 3908 2398 3970 Unguento
2422 3906 2708 3968 delibutus,

573 3984 595 4016 f
624 3985 819 4048 Fecere]
871 3986 1100 4036 Statuas.
1139 3987 1334 4037 <Thasii
1378 3987 1564 4051 lapidis
1644 3986 1840 4035 vestitu
1875 3983 2107 4039 affluens,
2129 3977 2390 4032 Veniebat
2411 3997 2600 4045 gressu
2623 3982 2713 4031 de·

509 4062 646 4126 apud
662 4062 913 4114 Senecam
932 4064 1126 4112 mentio
1143 4064 1316 4127 Epist.
1332 4077 1567 4114 mxxxvr.
1644 4060 1801 4110 licato
1823 4067 1879 4109 et
1901 4056 2182 4124 languido,'
2194 4060 2299 4106 &c.

510 4138 658 4200 cujus
682 4138 902 4199 initium,
948 4144 963 4167 ‘
983 4139 1047 4188 Iu
1080 4139 1191 4203 ipsa
1213 4140 1469 4205 Scipionis
1489 4141 1566 4192 A·
1709 4136 1734 4170 ¹¹
1766 4136 1850 4187 Sic
1870 4143 1941 4187 eet
1959 4134 2254 4198 inchoatum]
2289 4135 2603 4186 Inchoatum
2620 4149 2709 4201 pa-

509 4213 695 4264 fricaui
712 4214 863 4264 villa?
932 4215 1108 4265 Lesbii
1126 4218 1408 4282 marmoris,
1426 4219 1565 4283 apud
1647 4217 1777 4269 riter
1800 4218 1877 4268 ait
1898 4217 2228 4282 Tranquillus
2252 4215 2303 4265 iu
2320 4214 2583 4281 Augusto,
2600 4230 2713 4281 cap.
