3000 4917
501 351 674 418 4592

503 533 744 589 emere,
771 520 848 576 ut
893 532 1018 596 pro
1064 513 1208 577 suis
1253 512 1602 602 venderet!
1691 512 1794 578 Ea
1836 532 1945 578 res
1986 511 2355 577 concitavit
2398 512 2712 579 Rhodios

501 617 588 679 ad
646 616 1137 697 intelligendum
1187 615 1562 679 artificem:
1614 634 1742 678 nec
1790 615 1924 679 nisi
1974 614 2375 696 augentibus
2425 616 2713 698 pretium

501 719 729 781 cessit.
1689 768 1696 777 .

496 850 507 873 .-
588 819 1029 901 Imaginem⁶⁸
1076 818 1245 883 adeo
1289 817 1750 881 similitudinis
1780 816 2166 882 indiscretae
2199 817 2447 900 pinxit,
2476 823 2557 884 ut
2583 818 2714 904 (in-

500 921 823 985 credibile
877 919 1103 1006 dictu)
1155 920 1383 1005 Apion
1443 920 1915 1003 grammaticus
1976 920 2297 1002 scriptum
2350 922 2711 1004 reliquerit,

500 1023 832 1107 quendam
881 1044 969 1088 ex
996 1023 1190 1093 ‚facie
1236 1024 1577 1088 hominum
1629 1021 2123 1086 addivinantem
2168 1026 2367 1104 (quos
2413 1027 2711 1106 metopo·

499 1144 746 1208 scopos
764 1134 790 1172 ‘¹
822 1124 1098 1208 vocant)
1126 1146 1214 1190 ex
1243 1126 1328 1193 iis
1357 1125 1618 1190 dixisse
1649 1130 1764 1190 aut
1799 1124 2041 1189 fntnrae
2069 1126 2299 1188 mortis
2329 1144 2565 1201 annoS,
2596 1131 2713 1188 ant

408 1250 425 1263 ·
496 1230 871 1312 praeteritae.
975 1228 1135 1294 Non
1187 1228 1408 1294 fuerat
1449 1229 1515 1292 ei
1566 1229 1784 1310 gratia
1828 1229 1899 1292 in
1952 1229 2274 1293 comitatu
2325 1227 2712 1293 Alexandri

497 1348 652 1394 cum
703 1329 1107 1396 Ptolemaeo:
1128 1339 1147 1367 ¹
1210 1350 1347 1415 quo
1389 1337 1724 1413 regnante,
1769 1327 2263 1395 Alexandriam
2307 1332 2375 1395 vi
2417 1336 2709 1413 tempes-

494 1432 659 1494 tatis
708 1433 1065 1516 expulsus,
1107 1434 1472 1498 subornato
1514 1430 1750 1495 fraude
1797 1432 2183 1496 aemulorum
2230 1433 2436 1515 plano
2480 1434 2715 1515 regio,⁸

492 1533 814 1598 invitatus
858 1534 942 1599 ad
990 1554 1251 1600 coenam
1300 1534 1487 1600 venit
1511 1532 1597 1598 :⁶⁹
1647 1533 2153 1618 indignantique
2197 1533 2602 1610 Ptolemaeo,
2642 1542 2712 1598 et

497 1642 854 1699 vocatores
889 1655 1047 1700 suos
1078 1636 1469 1713 ostendenti,
1501 1640 1578 1700 ut
1605 1635 1861 1700 diceret
1890 1655 1932 1700 a
1961 1654 2098 1720 quo
2128 1656 2356 1701 eornm
2385 1635 2713 1702 invitatus

497 1743 702 1813 esset,
734 1746 999 1821 arrepto
1031 1740 1314 1803 carbone
1345 1737 1640 1802 extincto
1674 1757 1711 1801 e
1740 1736 2055 1816 soculo,⁷⁰
2094 1739 2447 1821 imaginem
2486 1739 2560 1803 in
2591 1759 2710 1823 pa-

493 1838 656 1903 riete
698 1839 1085 1918 delineavit,
1114 1846 1521 1922 agnoscente
1572 1839 1820 1903 vultum
1852 1840 2034 1923 plani
2065 1859 2244 1923 rege,
2276 1861 2362 1905 ex
2393 1841 2709 1908 inchoato

495 1943 819 2026 protinus..
925 1944 1159 2010 Pinxit
1200 1951 1267 2009 et
1318 1942 1666 2024 Antigoni‘
1718 1941 1893 2025 regis
1940 1938 2291 2026 imaginem
2339 1943 2580 2009 altero'
2608 1945 2708 2010 lu-

493 2045 668 2109 mine
721 2047 975 2126 orbam,
1025 2048 1207 2132 prius
1258 2046 1643 2128 excogitata
1660 2053 1714 2095 ⁷¹
1769 2046 2028 2124 ratione
2076 2045 2244 2110 vitia
2295 2047 2621 2111 condendi
2648 2056 2711 2113 :¹¹

495 2147 835 2230 obliquam
865 2155 1201 2232 namquev
1252 2148 1439 2225 fecit,
1492 2152 1571 2211 ut
1625 2146 1808 2230 quod
1843 2148 2111 2230 corpori
2141 2147 2393 2226 deerat,
2422 2150 2708 2233 picturae

492 2250 721 2332 potius
772 2250 1010 2315 deesse
1058 2250 1435 2317 videretur:
1485 2256 1878 2333 tantumque
1928 2269 2074 2314 eam
2129 2258 2386 2333 partem
2443 2271 2482 2315 e
2531 2252 2707 2317 facie

495 2352 806 2430 ostendit,
832 2372 1032 2435 quam
1078 2357 1284 2418 totam
1332 2359 1597 2437 poterat
1628 2353 2004 2418 ostendere.
2073 2353 2263 2418 ‘Sunt
2290 2353 2457 2421 inter
2502 2372 2712 2438 opera

1238 369 1304 417 G.
1355 368 1603 416 PLINII
1652 366 1984 418 suevum

1413 2516 1781 2538 OOOOONOOOOO

494 2610 559 2662 al.
577 2619 839 2665 vem—68
875 2614 963 2665 Ita
984 2616 1136 2667 codd.
1173 2615 1430 2666 Harduini
1455 2623 1511 2665 et
1531 2612 1701 2665 chiffl.
1724 2629 1841 2664 cum
1867 2612 1989 2664 edd.
2015 2613 2271 2664 Harduin.
2296 2619 2322 2663 1
2350 2649 2365 2663 .
2382 2618 2435 2665 2.
2474 2622 2525 2666 3.
2550 2621 2607 2665 et
2632 2628 2713 2664 re-

494 2685 659 2727 centt.
737 2680 981 2741 Imagines
1016 2681 1250 2732 Gronov.
1304 2688 1361 2730 et
1409 2682 1721 2744 vulgg.—69
1776 2687 1790 2710 ⁸
1810 2679 1900 2729 Ita
1939 2679 2074 2728 bene
2120 2678 2278 2728 codd.
2324 2679 2493 2743 Regg.
2533 2680 2711 2731 Editio

491 2743 765 2855 Brinceps‚
800 2754 856 2792 et
890 2745 971 2794 Cl.
1000 2744 1257 2795 Dur-and)
1290 2746 1509 2794 Brotier.
1583 2759 1678 2793 non
1714 2744 2015 2793 invitatum}
2038 2744 2192 2805 Regia
2221 2758 2398 2793 coenam
2430 2744 2567 2794 venit
2590 2745 2711 2796 cod.

545 2807 675 2854 alec.
729 2808 979 2865 invitatae,
1000 2811 1064 2858 nd
1086 2810 1242 2870 Regis
1259 2824 1437 2859 eoenam
1458 2810 1589 2858 venit
1612 2807 1730 2858 edd.
1751 2816 1885 2858 vett.
1906 2808 2140 2858 Gronov.
2159 2808 2419 2858 Harduin.
2444 2812 2560 2859 102.
2580 2814 2631 2858 8.
2655 2818 2709 2859 et

492 2878 718 2922 recentt.
782 2873 931 2934 Mox,
947 2874 1321 2937 indignumque
1353 2874 1487 2923 Ptol.
1509 2879 1557 2923 et
1577 2889 1625 2923 υ.
1648 2888 1758 2922 euos
1779 2875 2054 2922 ostendente
2076 2873 2194 2922 cod·
2216 2874 2545 2923 nalem—‘lo
2580 2874 2709 2923 Cod.

492 2931 681 2985 Dalec.
705 2937 903 2988 carbone
936 2953 962 2987 e
980 2940 1146 2999 foculo
1167 2940 1524 2988 extimam—71
1562 2946 1577 2968 ‘
1598 2939 1685 3000 Ita
1708 2938 1842 2987 bene
1875 2937 1991 2987 cod.
2030 2938 2162 3000 Reg.
2189 2942 2239 2986 5.
2277 2944 2332 2988 et
2365 2937 2552 2988 Editio
2575 2940 2713 3001 prin·

491 3000 658 3066 ceps.'
691 2994 910 3054 Brutia.
969 3004 1149 3066 primus
1171 3001 1446 3066 excogitata
1470 3002 1593 3053 edd.
1616 3007 1750 3054 vett.
1773 3000 2007 3053 Gronov.
2031 2998 2289 3052 Harduin.
2313 3008 2361 3052 1.
2394 3008 2447 3053 2.
2470 3008 2522 3052 ⁸.
2544 3013 2601 3054 et
2628 3018 2706 3055 re-

1475 3167 1699 3220 NOTAE

555 3272 581 3307 ‘1
669 3265 1046 3330 Metoposeopor]
1125 3267 1554 3325 Μετωποσκόπους,

491 3340 580 3406 qui
602 3339 864 3390 hominum
888 3342 1146 3405 ingenium
1170 3345 1461 3410 dijudicant
1485 3360 1554 3394 ex

489 3412 685 3471 fronte,
718 3415 1146 3482 lineamentisque
1189 3422 1439 3484 corporis.
1476 3428 1554 3469 at·

1700 3268 1718 3302 t
1747 3266 1924 3316 Pinxit
1943 3270 1992 3314 et
2013 3262 2274 3327 Antigoni]
2293 3264 2519 3317 Quintil.
2540 3278 2605 3315 η.
2631 3270 2705 3316 13.

1634 3358 1758 3407 pag.
1783 3346 1895 3393 145.
1928 3342 1944 3369 ‘
1964 3341 2145 3391 Habet
2168 3342 2219 3390 in
2244 3341 2450 3404 pictura
2472 3343 2704 3404 speciem

1636 3427 1748 3470 tota
1770 3419 1950 3470 facies.
1984 3419 2030 3468 A
2037 3419 2201 3486 pelles
2224 3426 2397 3468 tamen
2420 3418 2702 3482 imaginem

491 3506 594 3555 que
633 3490 755 3540 inde
790 3491 968 3541 futura
1013 3503 1347 3558 augurantur.
1413 3496 1554 3547 Usus

492 3568 652 3617 etiam
676 3581 739 3616 ea
763 3581 892 3617 voce
913 3568 1262 3632 Tranquillus.

556 3650 577 3676 ¹·
613 3642 735 3691 Cum
752 3644 1041 3708 Ptolemoeo]
1081 3644 1209 3709 Lagi
1232 3646 1292 3695 F.
1329 3646 1418 3711 qui
1448 3646 1555 3709 pri·

489 3731 625 3779 mus,
662 3725 783 3781 post
807 3716 1096 3769 Alexandri
1118 3721 1336 3785 obitum,
1359 3722 1554 3787 AEgyp-

490 3799 599 3842 tum
625 3794 812 3845 tenuit.
981 3839 989 3845 .

553 3879 572 3904 ⁸
605 3871 761 3920 Plano
796 3870 958 3934 regio]
992 3872 1108 3922 Vox
1151 3873 1266 3923 baec
1307 3873 1555 3937 imposto-

490 3961 598 3996 rem
647 3955 876 3998 astutum
935 3949 1215 4013 signifieat,
1255 3952 1343 4015 qui
1387 3958 1552 4000 artem

490 4023 769 4087 profitetur
793 4024 1092 4088 imponendi
1126 4026 1283 4077 etiam
1310 4033 1553 4090 spectan-

492 4099 653 4149 tibus.
693 4098 834 4148 ‘Hic
866 4101 954 4149 ille
1001 4102 1181 4164 planus
1234 4103 1554 4165 improbissi-

489 4174 640 4229 mus,'
671 4176 839 4240 inquit
865 4175 979 4226 Cic.
1014 4192 1110 4241 pro
1165 4180 1372 4232 cluent.
1410 4196 1551 4233 num.

489 4252 571 4298 ⁷2.

1638 3495 1887 3560 Antigoni
1912 3497 2075 3545 latere
2101 3502 2300 3543 tanturn
2338 3496 2508 3544 altero
2531 3504 2703 3544 osten·

1636 3571 1735 3631 dit,
1756 3579 1817 3621 ut
1847 3571 2023 3621 amissi
2062 3571 2199 3620 oculi
2235 3570 2541 3621 deformitas
2578 3572 2703 3621 late·

1636 3647 1756 3698 ret.’

1700 3734 1725 3760 ¹¹
1758 3726 2003 3775 Prius...
2025 3722 2151 3773 vitia
2188 3720 2460 3787 condendff
2484 3724 2551 3774 In
2593 3724 2701 3788 pic·

1639 3811 1755 3854 tura
1790 3803 2009 3853 scilieet.
2069 3803 2158 3852 Sic
2189 3803 2241 3851 in
2266 3803 2456 3852 statuis
2477 3804 2701 3854 Periclis

1638 3879 1886 3936 artifices,
1934 3888 1992 3929 ut
2031 3879 2347 3928 Plutarchus
2386 3887 2625 3936 annotat,
2653 3895 2701 3942 p.

1639 3960 1751 4005 163.
1780 3955 1963 4004 vitium
1988 3961 2171 4004 texere
2195 3955 2514 4018 oblongioris
2549 3957 2700 4019 paulo

1633 4031 1843 4094 capitis,
1875 4029 2054 4080 addita
2075 4031 2241 4094 galea.

1698 4115 1721 4140 ⁷
1757 4107 2009 4170 Obliquum
2046 4103 2266 4168 namque]
2314 4105 2453 4155 Haee
2496 4107 2701 4168 pictura

1633 4180 1959 4246 κατάγραφος,
1979 4182 2045 4231 de
2082 4197 2184 4246 qua
2223 4180 2426 4231 dictum
2460 4191 2548 4232 est
2582 4195 2699 4245 cap.

1632 4262 1714 4307 ³4.
