3000 4917
499 359 676 427 4708
1225 374 1292 422 c.
1341 357 1582 420 nimi
1629 370 1960 421 securim

501 520 845 603 regnabat,
895 515 1161 583 somnio
1202 516 1473 600 jussus:
1526 516 1655 581 hoc
1704 515 1925 599 ipsum
1972 513 2406 598 inscriptum²
2457 515 2530 580 in
2577 529 2703 582 eot

498 624 732 687 etenim
781 621 1132 703 scalpturae
1171 619 1308 683 illae
1352 617 1754 701 effigiesque,
1783 635 1956 701 quas
1995 614 2323 695 videmus,
2358 617 2703 702 AEgyptiae

501 730 654 787 sunt
681 724 919 787 literae.

587 823 834 888 Postea
855 827 920 885 et
947 822 1066 886 alii
1091 840 1310 903 regum
1330 828 1354 857 ⁰
1384 820 1452 883 in
1481 838 1690 903 supra
1719 818 1906 884 dicta
1933 820 2119 898 urbe,
2150 818 2394 884 Sochis
2414 827 2435 866 ³
2455 817 2485 856 ‘¹
2527 839 2701 904 qua·

497 930 651 989 tuor
694 931 1022 1001 numero,⁰
1068 922 1561 1007 quadragenum
1613 927 1928 986 octonum
1976 922 2356 987 cubitorum
2407 923 2702 1005 longitu-

498 1025 687 1089 dine:
736 1024 1097 1091 Ramises4
1124 1020 1384 1089 autem‘
1407 1025 1491 1094 is,
1526 1042 1658 1105 quo
1684 1028 2001 1104 regnante
2034 1022 2231 1087 Ilium
2260 1030 2539 1106 captum
2570 1030 2701 1102 est,

496 1127 936 1211 quadraginta
983 1127 1413 1191 cubitorum.⁸
1516 1123 1712 1189 Idem
1765 1123 2114 1207 digressus
2164 1123 2346 1201 inde,
2391 1125 2513 1189 ubi
2565 1125 2703 1190 fuit

497 1226 836 1292 Moeridis
882 1224 1121 1309 regin,¹¹
1180 1226 1414 1310 posuit
1471 1221 1718 1302 alium,¹
1762 1225 2166 1308 longitudine
2214 1225 2699 1291 undecentenis

495 1330 841 1413 pedibuS,5
871 1349 992 1414 per
1019 1329 1237 1394 latera
1267 1328 1511 1394 cubitis
1541 1334 1846 1411 quatuor.

1386 1474 1540 1495 Onu
1544 1473 1692 1493 ”000
1697 1473 1758 1493 ‘O

494 1578 593 1622 -2
624 1573 712 1622 Ita
732 1588 797 1622 ex
820 1573 971 1624 codd.
994 1574 1294 1625 Harduinus
1316 1583 1369 1623 et
1393 1581 1610 1625 recentt.
1664 1580 1712 1624 et
1736 1575 1821 1623 hoc
1841 1574 1993 1638 ipsum
2015 1574 2297 1638 inscriptum
2316 1580 2388 1625 est
2413 1573 2534 1623 edd.
2558 1582 2695 1626 vett.

496 1647 552 1687 et
576 1638 905 1687 Gronau-8
940 1640 955 1667 ‘
973 1639 1059 1688 Its
1082 1640 1198 1692 cod.
1222 1638 1390 1689 chiffl.
1413 1647 1467 1690 et
1489 1640 1572 1689 Cl.
1597 1639 1926 1689 Reazouicua.
1994 1638 2058 1688 In
2081 1639 2237 1689 codd.
2265 1641 2431 1702 Regg.
2466 1644 2515 1689 2.
2549 1643 2600 1689 8.
2638 1647 2698 1692 et

494 1702 828 1751 Laurentino.
857 1703 1031 1762 Ellotis.
1077 1702 1183 1752 Alii
1203 1712 1255 1753 et
1290 1704 1465 1754 Editio
1496 1705 1761 1767 princeps,
1796 1702 2030 1766 Ephous-³
2066 1704 2295 1754 Brotier.
2363 1703 2536 1753 Socltis
2558 1704 2698 1753 Gro-

495 1780 617 1813 nov.
639 1772 695 1814 et
718 1767 784 1815 sl.
810 1773 940 1816 vett.
1012 1765 1172 1817 Sotiis
1215 1767 1470 1818 Herduin.
1504 1771 1550 1817 1.
1570 1772 1619 1817 2.
1638 1771 1686 1817 8.
1711 1776 1767 1817 et
1802 1772 2119 1817 reectum—⁴
2153 1774 2169 1797 ⁶
2188 1768 2252 1816 In
2277 1768 2432 1818 codd.
2456 1768 2627 1832 Regg.
2647 1772 2696 1817 2.

495 1834 546 1878 3.
581 1830 864 1880 Ramisesis.
930 1831 1076 1880 Idem
1099 1831 1307 1881 videtur
1330 1848 1442 1881 esse
1474 1846 1625 1897 quern
1643 1833 1853 1881 Tacitus
1878 1832 2166 1895 appellavit
2192 1832 2446 1884 Rhamsen.
2516 1834 2602 1881 De
2629 1847 2697 1883 eo

495 1895 622 1941 setis
641 1894 745 1942 dixi
769 1896 833 1946 ad
859 1896 1025 1945 Tacit.
1050 1894 1238 1946 Annal.
1265 1910 1329 1948 11.
1346 1896 1448 1946 60!
1478 1896 1692 1946 Brotier.
1761 1897 1904 1951 Mox,
1923 1910 2065 1944 unum
2087 1897 2406 1960 quadraginta
2424 1896 2697 1946 cubitorum

494 1958 616 2007 Vet.
642 1959 922 2010 Belem—6
957 1960 973 1988 ‘
994 1959 1137 2009 Male
1175 1961 1304 2010 Mss·
1341 1962 1470 2024 Reg.
1513 1967 1569 2010 et
1605 1959 1780 2010 Editio
1804 1963 2069 2025 princeps,
2105 1963 2317 2013 undenis.
2384 1962 2531 2011 Male
2566 1975 2695 2026 quo-

1487 2089 1700 2139 NOTAE

556 2192 581 2217 ⁸
612 2185 845 2249 Mestres]
878 2186 964 2235 Sic
991 2187 1117 2251 Reg.
1138 2193 1188 2238 2.
1222 2197 1276 2238 et
1295 2189 1552 2237 Vaticana
1624 2185 1735 2235 fere
1760 2194 1967 2236 centum
1990 2201 2019 2236 a
2042 2186 2207 2236 Musis
2231 2185 2377 2235 obitu
2402 2186 2692 2251 AEgyptum

493 2261 833 2323 exemplaria,
876 2262 1136 2313 Kirchero
1176 2273 1353 2314 nostro
1400 2273 1553 2326 teste,
1626 2267 1814 2314 tenuit.

490 2336 557 2385 de
574 2335 793 2399 Origine
817 2343 869 2386 et
888 2339 1166 2388 Erectioue
1185 2339 1550 2389 obeliscorum

490 2425 531 2461 ι.
553 2416 603 2460 4.
627 2426 747 2466 nou,
771 2420 825 2461 ut
846 2413 994 2470 editi,
1015 2415 1215 2465 Mitres.
1270 2416 1550 2465 Existimat

488 2496 663 2536 sutem
720 2487 1021 2551 Kircherus‚
1054 2491 1274 2541 Mestren
1327 2492 1549 2541 eundem

488 2578 605 2613 esse
628 2579 745 2612 cum
771 2565 1027 2622 Misi-aim,
1049 2580 1114 2614 ex
1133 2567 1314 2617 chami
1339 2581 1549 2629 genere,

489 2655 521 2689 a
544 2655 644 2703 quo
668 2646 723 2688 et
745 2640 999 2703 AEgyptus
1038 2641 1151 2704 ipsa
1181 2642 1416 2691 Misraim
1455 2658 1549 2705 ap-

489 2715 680 2776 pellata
703 2714 787 2764 sit.
851 2715 987 2763 Vide
1012 2715 1082 2765 ibi
1118 2718 1366 2778 plurs.—-‘
1391 2717 1548 2768 Hunc

490 2796 665 2838 antem
710 2789 923 2853 AEgypti
976 2805 1170 2854 regem,
1214 2801 1370 2857 etque
1415 2793 1547 2843 adeo

489 2872 882 2928 consequentes,
903 2867 1054 2929 longe
1086 2874 1204 2930 post
1231 2867 1395 2917 Musis
1420 2877 1545 2918 aeta-

487 2946 594 2989 tem
617 2940 942 3003 imperitasse
967 2942 1260 2995 credimus.’
1292 2945 1385 2994 Ed.
1406 2961 1498 2996 sec.

548 3014 572 3048 ¹²
600 3016 662 3064 In
683 3014 809 3065 Solis
828 3016 969 3079 urbe]
1002 3017 1288 3083 Heliopoli,
1320 3028 1378 3069 ut
1415 3020 1545 3069 dixi·

485 3107 600 3142 mus
625 3108 673 3140 v.
692 3095 774 3141 11.
812 3093 1089 3144 obeliscos
1115 3108 1270 3157 porro
1294 3110 1325 3145 a
1343 3096 1544 3145 Mestre

485 3167 742 3229 conditos,
762 3168 1052 3218 Kircherus
1077 3171 1179 3220 loc.
1201 3169 1291 3221 cit.
1308 3186 1355 3220 c.
1381 3177 1430 3222 8.
1454 3186 1544 3220 eos

483 3256 595 3292 esse
618 3244 933 3306 suspicatur,
954 3246 1041 3307 qui
1061 3246 1236 3295 Romae
1261 3248 1542 3296 etiamnum

484 3319 802 3374 Mehutaeus,
856 3320 1166 3380 Medieaeus,
1216 3329 1271 3371 et
1325 3326 1535 3374 Scauro·

484 3393 676 3442 Caelius
703 3394 1061 3456 appellantur:
1099 3396 1306 3444 minoris
1330 3396 1539 3460 quidem

481 3466 686 3527 formae,
723 3476 783 3516 ut
821 3468 985 3531 prima
1020 3482 1190 3518 rerum
1214 3484 1325 3519 esse
1348 3472 1540 3533 princi-

483 3543 572 3606 pia
594 3544 779 3593 solent.

545 3626 568 3652 0
602 3619 780 3668 Postea
812 3625 861 3668 et
894 3619 983 3669 alii
1018 3621 1208 3685 regum]
1239 3622 1371 3685 Reg.
1405 3625 1454 3670 2.
1492 3629 1542 3672 et

477 3694 567 3743 dii
586 3708 764 3754 emm,
787 3694 926 3759 quod
950 3697 1134 3745 eodem
1155 3696 1362 3747 recidit.

544 3767 569 3801 ‘¹
602 3768 790 3832 Suebis]
837 3770 922 3818 Ita
953 3770 1083 3819 Mss.
1153 3770 1299 3820 Alias
1321 3771 1409 3820 τὸν
1440 3775 1539 3824 Σῶ-

475 3847 553 3892 θιν
597 3844 830 3909 AEgyptii
872 3845 1173 3895 Caniculam
1219 3856 1430 3908 vocant,
1479 3856 1540 3898 ut

480 3919 706 3966 diximus
729 3934 792 3969 u.
815 3924 896 3970 40.
933 3935 998 3970 ex
1024 3922 1297 3971 Damascio
1319 3922 1384 3970 ad
1402 3923 1539 3971 Pho·

484 3994 631 4041 tium.
714 3994 835 4042 Fuit
869 3996 909 4042 is
944 4011 1098 4057 porro
1138 3998 1442 4059 Meuuphtae
1479 3997 1538 4046 fi·

481 4068 768 4131 lius,quem
788 4071 1114 4135 Anieuophin
1136 4073 1406 4129 Eusebius,
1423 4075 1538 4123 Me·

484 4143 675 4204 nopbiu
726 4143 1007 4207 Josephus,
1050 4146 1330 4197 Africanus
1381 4147 1538 4198 Ame-

480 4217 715 4280 nophten
740 4226 956 4270 vocant:
992 4222 1182 4286 quique
1226 4231 1343 4287 post
1375 4238 1538 4275 annos

1688 2348 1710 2374 θ
1745 2340 1961 2397 Quotam·
1982 2341 2200 2405 numne]
2233 2341 2369 2391 Tum
2392 2354 2461 2389 ex
2483 2341 2692 2389 ratione

1622 2429 1896 2473 mensurae,
1930 2423 2040 2466 tum
2076 2430 2141 2466 ex
2180 2416 2694 2481 hieroglyphieorum

1622 2491 1980 2542 characterum
1996 2492 2445 2556 interpretatione,
2469 2491 2695 2541 Kirche·

1622 2582 1708 2617 rus
1730 2568 1951 2633 colligit,
1986 2584 2051 2619 ex
2091 2569 2155 2618 iis
2188 2576 2409 2632 quatuor
2439 2567 2693 2617 obeliscis

1621 2657 1737 2692 eum
1774 2658 1927 2693 unum
1965 2658 2099 2700 esse,
2132 2644 2219 2708 qui
2255 2644 2559 2706 Pamphilus
2595 2658 2689 2707 ap·

1621 2718 1845 2781 peilatus
1867 2717 1933 2766 ab
1953 2718 2231 2767 Innocenti
2257 2731 2312 2766 x.
2337 2717 2625 2780 Pontifice‚
2660 2732 2693 2767 a

1620 2806 1723 2856 quo
1744 2807 1908 2857 nuper
1931 2801 2157 2850 erectus,
2180 2808 2297 2844 cum
2328 2793 2419 2842 din
2453 2802 2691 2857 prostra-

1619 2875 1703 2917 tus
1742 2868 2035 2932 jacuisset:
2093 2876 2213 2934 post
2257 2868 2383 2917 illud
2439 2870 2689 2918 nimirum

1622 2951 1825 3007 tempus
1852 2957 1952 3009 quo
1988 2943 2210 2993 eundem
2246 2950 2489 2994 erexerat
2515 2945 2690 2993 Anto-

1618 3020 1769 3070 ninus
1812 3022 2101 3084 Caracalla‚
2145 3025 2199 3071 in
2247 3036 2383 3070 novo
2419 3035 2578 3085 quem
2618 3020 2687 3070 ad

1619 3096 1944 3146 Proetoriana
1966 3105 2142 3146 castre
2165 3105 2430 3147 struxerat
2455 3095 2635 3145 Circo.

1689 3169 1707 3206 ⁸
1731 3172 1953 3222 Ruenises
1995 3172 2175 3236 mem]
2251 3171 2406 3220 Hunc
2465 3169 2687 3219 Tacitus

1619 3245 1899 3309 Rhamsen,
1922 3246 2113 3296 Annei.
2138 3260 2201 3296 ιι.
2230 3260 2349 3309 pag.
2369 3250 2454 3295 61.
2487 3243 2689 3305 Ῥέμφιν

1617 3321 1879 3370 Diodorus
1901 3322 2004 3371 Si'c.
2029 3322 2167 3371 Bibl.
2193 3320 2284 3370 lib.
2307 3335 2344 3368 ι.
2383 3334 2437 3383 p.
2455 3324 2540 3369 65.
2588 3320 2685 3371 Jo-

1615 3396 1803 3458 sephus
1830 3396 2137 3459 Ramphem,
2162 3391 2465 3443 Herodotus
2485 3393 2685 3456 Ramp-

1615 3471 1826 3520 siuitum
1851 3478 2023 3532 vocat,
2042 3484 2143 3519 vu.
2165 3473 2248 3519 81.
2317 3469 2373 3518 Is
2402 3469 2554 3519 Sothi
2590 3485 2686 3531 pa-

1617 3546 1685 3594 tri
1707 3545 1984 3601 suecessit,
2006 3559 2143 3594 enno
2164 3546 2347 3608 quinto
2386 3552 2509 3609 post
2543 3560 2684 3595 mor-

1617 3627 1720 3669 tem
1767 3620 1902 3681 Aod‚
1935 3620 2024 3685 qui
2065 3627 2284 3684 quartus
2325 3628 2445 3684 post
2487 3622 2682 3672 Mosen

1613 3694 1893 3745 Isrse‘litici
1915 3695 2095 3760 populi
2120 3696 2225 3744 dux
2248 3697 2449 3745 extitit.

1677 3778 1705 3815 s
1739 3771 2075 3833 Quadraginta
2094 3770 2382 3834 cabitos-m]
2414 3772 2682 3823 Subiutel-

1614 3845 1737 3907 lige,
1761 3845 1980 3895 totidem
2004 3845 2181 3895 abillo
2214 3846 2424 3909 positos,
2457 3857 2590 3911 quot
2625 3855 2684 3899 et

1615 3935 1644 3972 a
1671 3927 1833 3982 patre,
1860 3921 1956 3970 hoc
1978 3929 2077 3975 est,
2100 3929 2342 3984 quatuor,
2363 3922 2455 3970 sed
2474 3923 2683 3973 cubito·

1614 4010 1725 4044 rum
1752 4003 1951 4046 tantum
1978 3987 2382 4060 qnadrag'enum.
2452 3998 2538 4048 lta
2556 3999 2683 4048 Kir-

1612 4072 1801 4122 cherua
1823 4073 1925 4122 loe.
1948 4073 2038 4122 cit.

1675 4148 1701 4181 ¹²
1724 4149 1968 4199 Mneuidis
1987 4149 2147 4212 regia]
2170 4148 2330 4198 Hand
2356 4150 2543 4211 procul
2569 4147 2678 4197 He·

1612 4227 1821 4288 liopoli:
1849 4241 1965 4276 nam
1988 4226 2127 4292 apud
2150 4226 2301 4289 hujus
2323 4224 2510 4289 oppidi
2534 4227 2678 4275 cives
