3000 4917
879 379 1055 428 ΝΑτ.
1101 365 1302 428 nrs‘r.
1352 376 1498 429 nte.
1545 377 1834 431 xxxvi.
1879 368 1987 435 19.
2347 367 2523 438 4223

325 518 806 606 demus)bre'vi
845 521 1132 589 lacinia·
1175 524 1387 591 millia
1440 529 2002 611 passuumplura
2051 529 2520 596 ambulationis

330 626 811 706 continentem3
857 626 973 689 sed
1003 625 1275 691 crebris·
1301 626 1556 692 foribus
1592 628 1847 706 inditis,
1901 629 1987 693 ad
2039 630 2368 695 fallendos
2406 651 2520 697 oca

327 744 595 802 cursu3‚
635 724 1169 810 redeundumque
1211 730 1276 792 in
1324 749 1578 794 errores
1626 730 1916 794 eosdem.
2008 730 2384 796 Secundus·
2410 734 2519 799 hic

279 835 286 842 “
325 826 461 890 suit
490 827 577 890 ab
611 827 934 911 AEgyptio
961 829 1373 911 labyrinthus
1400 852 1416 893 ε
1462 833 1699 895 tertius
1724 833 1794 894 in
1823 832 2116 896 Lemno:
2149 839 2429 915 quartus
2451 836 2519 899 in

323 923 565 991 Italia.
670 927 924 993 Omnes
966 929 1199 1012 lapide
1225 999 1230 1002 ,
1256 931 1476 1013 polito
1525 930 1891 997 fornicibus
1915 934 2109 999 tecti:
2146 935 2522 1018 AEgyptius

318 1029 770 1113 (quod'miror
816 1029 1221 1116 equidem)¹¹’
1265 1035 1593 1115 introitu,¹¹
1636 1036 1868 1118 lapide
1919 1057 1958 1100 e
2009 1037 2211 1102 Pario
2261 1038 2526 1102 colum--

324 1132 467 1194 nis:
513 1131 833 1215 reliquis⁸
878 1153 916 1197 e
959 1134 1229 1218 Syenite
1258 1136 1542 1200 molibus
1593 1137 2010 1220 compositis,
2060 1158 2234 1222 quas
2284 1139 2521 1202 dissei*

324 1250 489 1296 vere
521 1252 606 1296 ne
655 1235 909 1299 saecula
960 1235 1228 1318 quidem
1270 1238 1567 1320 possint:
1614 1238 2088 1321 adjuvantibus
2145 1240 2521 1303 Heracleo·-

323 1333 611 1416 politiS,⁹
651 1335 769 1417 qui
792 1336 859 1399 id
890 1356 1062 1419 opus
1084 1338 1412 1401 invisum⁰
1445 1340 1617 1403 ‘mire
1645 1339 2058 1403 infestavere.
2105 1340 2514 1405 Positionem

323 1436 555 1517 operis
599 1436 793 1518 ejusp
836 1438 1262 1521 singulasque
1289 1447 1512 1523 partes
1542 1458 1846 1504 enarrare
1890 1459 2019 1503 nou
2058 1448 2185 1517 est,
2227 1459 2380 1504 cum
2406 1441 2519 1503 *sit

323 1534 399 1597 in
422 1537 728 1618 regiones
757 1537 1069 1617 divisum,
1114 1547 1318 1622 atque
1361 1541 1431 1602 in
1478 1541 1913 1623 praefecturas
1953 1539 2158 1624 (quas
2205 1526 2445 1605 {ocavi
2469 1549 2520 1579 ¹0

322 1635 639 1722 nomos)q
684 1639 970 1704 sedecim
992 1646 1016 1677 ¹⁸
1045 1640 1436 1716 'nominibus
1478 1660 1729 1716 earum,
1754 1640 2030 1705 totidem
2064 1640 2280 1705 vastis
2305 1641 2515 1706 donii-

325 1738 462 1802 bus
491 1741 863 1805 attributis:
908 1747 1234 1824 praeterea
1284 1743 1535 1826 templa
1573 1742 1868 1806 omnium
1911 1742 2192 1825 AEgypti
2223 1741 2518 1805 Deorum

324 1842 694 1920 contineat,
725 1862 1052 1926 superque
1075 1841 1408 1909 Nemeses
1428 1850 1449 1878 ⁸
1488 1844 1870 1928 quindecim
1900 1842 2203 1908 aediculis
2227 1850 2273 1880 ¹¹
2302 1841 2515 1905 inclu-
2573 1916 2579 1926 Ι

325 1940 515 2016 serit,
544 1941 921 2025 pyramides
949 1942 1329 2025 complures
1359 1943 1931 2026 quadragenarum
1968 1943 2288 2019 ulnarum,
2319 1962 2517 2007 senas

322 2040 627 2105 radicum
648 2042 838 2118 oras..t
879 2041 1279 2128 obtinentes.
1371 2043 1566 2106 Fessi
1583 2043 1729 2126 jam
1760 2043 1981 2107 eundo
2010 2041 2401 2126 perveniunt
2428 2039 2515 2126 ad

322 2141 588 2228 viarum
626 2143 814 2206 illum
858 2143 1401 2228 inexplicabilem
1432 2162 1734 2214 errorem.
1825 2141 2007 2221 Quin
2054 2151 2124 2206 et
2171 2141 2523 2206 coenacula

389 2313 415 2338 ¹¹
449 2305 662 2364 Humili,
677 2307 836 2357 instar
856 2306 1062 2363 lucinia,
1087 2304 1210 2356 buxo
1230 2307 1305 2355 vel
1326 2304 1484 2356 herba.

1244 2432 1606 2455 OOOOOOOOOO

325 2535 361 2581 8
391 2532 490 2581 ‘In
516 2530 669 2580 codd.
694 2532 863 2595 Regg.
885 2537 935 2581 2.
966 2537 1016 2582 8.
1054 2532 1228 2595 lapidis
1266 2548 1292 2581 e
1323 2532 1475 2588 Pario
1496 2531 1740 2594 columnis,
1761 2533 1842 2594 &a
1908 2530 1970 2579 In
1996 2527 2237 2579 Editione
2258 2528 2520 2592 principe,

301 2592 524 2658 *lipideis
542 2611 569 2644 e
600 2596 732 2645 Paro
751 2596 1013 2659 columnis,'
1025 2598 1105 2657 ξε.
1119 2597 1300 2646 Brotie
1308 2611 1348 2645 r.
1406 2597 1561 2658 lapide
1579 2610 1606 2644 e
1628 2596 1779 2644 Pario
1794 2594 2107 2657 columnisque
2125 2594 2314 2657 reliquis
2339 2594 2519 2642 Franz·

322 2661 519 2722 lapidee
537 2660 712 2709 Porio.-
734 2661 969 2709 ’columnis
998 2661 1191 2723 reliquis
1213 2659 1468 2709 Harduin.
1498 2665 1545 2708 1.
1581 2664 1631 2709 2.
1664 2663 1713 2708 3.
1737 2653 1930 2725 Miller}
1962 2664 2017 2706 et
2041 2659 2254 2721 Bipont.
2317 2656 2523 2706 introitu

323 2723 637 2786 columnisque
674 2725 871 2786 reliquis
901 2739 927 2771 e
960 2725 1189 2781 mollibus,
1222 2729 1306 2787 «5-0.
1332 2725 1565 2773 Gronov.
1602 2730 1658 2772 et
1697 2723 1970 2785 vulgg.-.9
2003 2722 2123 2771 Vet.
2157 2721 2339 2770 Dalec.
2375 2721 2522 2769 etiam

323 2787 871 2850 Heracleopolitis.—10
906 2787 1139 2837 Gronov.
1174 2795 1230 2837 et
1267 2790 1337 2838 al.
1372 2796 1495 2838 ante
1533 2786 1789 2836 Harduin.
1824 2800 1939 2850 quas
1970 2785 2287 2835 coenan—11
2322 2784 2520 2833 Amasis

323 2851 541 2900 undecim
557 2852 793 2931 adtentus
815 2853 939 2902 Vet.
963 2853 1151 2902 Dalec.
1213 2854 1363 2915 Mox,
1394 2852 1448 2903 in
1484 2851 1670 2902 eodem
1705 2852 1826 2899 Vet.
1856 2864 1993 2899 senas
2022 2853 2087 2899 od
2120 2848 2328 2899 radicem
2360 2847 2520 2905 munst]

1317 2978 1532 3029 NOTAE

390 3081 429 3107 ὓ
465 3074 605 3130 Quod
623 3075 772 3123 miror
791 3075 1027 3138 equidem]
1062 3073 1244 3124 Mirari
1260 3075 1383 3137 jure

241 3214 245 3218 ⁴
323 3142 487 3213 subit,
531 3162 648 3198 cum
681 3148 939 3213 AEgyptus
965 3155 1047 3198 tot
1074 3161 1383 3198 marmorum

326 3223 609 3289 generibus
626 3223 759 3273 domi
775 3224 1025 3281 abundet.
1041 3238 1070 3273 e
1086 3223 1227 3273 Paro
1241 3238 1382 3289 qure-

326 3299 499 3362 iniisse,
522 3305 581 3348 ut
609 3299 854 3349 introitus
885 3297 1166 3363 labyrinthi
1189 3299 1383 3348 colum-

324 3389 419 3426 nas
453 3389 521 3425 ex
543 3390 607 3425 eo
630 3374 918 3438 excideret,
947 3382 1385 3439 componeretque

324 3452 542 3501 structis
565 3464 631 3500 ex
654 3464 716 3499 eo
738 3449 909 3512 lapide
930 3449 1171 3499 molibus.
1271 3480 1280 3485 —

391 3535 420 3560 ¹¹
452 3526 692 3590 Introitu]
739 3524 882 3574 ‘Vide
907 3525 1073 3575 Notas
1089 3531 1145 3574 et
1171 3522 1386 3573 Emend-

326 3605 568 3651 n'8m312.
1323 3655 1326 3658 Δ

388 3685 416 3710 ⁰
452 3676 554 3732 Qui
574 3675 631 3724 ia
649 3689 767 3738 opus
786 3672 1014 3735 invisum]
1069 3671 1200 3725 Mis.
1232 3673 1313 3736 qui
1332 3672 1385 3723 id

327 3768 442 3817 opus
460 3753 516 3801 in
536 3766 641 3799 usu.

394 3834 422 3868 1’
456 3828 749 3876 Positionem
767 3824 921 3889 operis
939 3823 1065 3888 qius]
1103 3824 1386 3887 Eleganter

332 3918 364 3953 a
404 3903 552 3952 Mela
606 3902 934 3963 describitur,
971 3915 1012 3950 ι.
1050 3903 1102 3949 9.
1144 3913 1263 3961 pag.
1303 3901 1386 3947 13.

328 3985 346 4007 ⁴
362 3978 736 4027 Psammetichi
774 3991 903 4040 opus
936 3973 1277 4039 labyrinthus,
1297 3972 1388 4021 do·

332 4068 441 4104 mos
486 4061 571 4104 ter
608 4053 770 4109 mille,
808 4058 863 4101 et
887 4051 1069 4115 'regias
1099 4047 1389 4102 duodecim,

332 4137 590 4194 perpetuo
623 4127 851 4195 parietis¹
874 4126 1071 4175 ambitu
1104 4124 1393 4187 amplexus,

334 4219 594 4257 marmore
616 4209 914 4256 exstructus
936 4215 997 4251 ac
1027 4206 1218 4256 tectus,
1239 4212 1393 4249 uuum

1464 3074 1519 3122 in
1555 3086 1612 3121 se
1647 3070 1946 3123 descensum
1980 3069 2162 3133 habet,
2195 3069 2359 3117 intus*
2373 3077 2522 3129 paene

1463 3145 1860 3196 innumerabiles
1880 3141 2022 3208 vias,'
2036 3141 2136 3193 διό.

1528 3230 1555 3265 ‘¹
1590 3223 1722 3278 Quas
1741 3220 1905 3270 vocavi
1922 3220 2107 3283 aomos]
2162 3217 2320 3268 Libro
2343 3215 2522 3281 quinto

1446 3296 1690 3358 scilicet,
1712 3310 1829 3359 cap.
1851 3299 1898 3343 9.
1963 3295 2049 3344 Sic
2073 3307 2228 3359 porro
2246 3294 2375 3342 Mss.
2397 3305 2522 3348 nou,

1463 3381 1526 3423 ut
1546 3371 1697 3432 editi,
1716 3386 1832 3434 quos
1847 3374 2034 3420 vocant.

1529 3454 1550 3481 ⁸
1583 3446 1824 3509 Sedecim]
1852 3446 2038 3495 Plures
2058 3445 2267 3505 Strabo,
2283 3442 2541 3508 Herodoq

1464 3527 1551 3572 tus
1575 3522 1841 3585 pauciores
1861 3521 2035 3570 habet.

1528 3603 1549 3632 ⁸
1581 3597 1828 3659 Nemesos]
1878 3595 1953 3644 De
1988 3594 2204 3645 Nemesi
2228 3592 2450 3642 diximus
2474 3603 2522 3640 c.

1464 3675 1515 3721 4.
1532 3670 1653 3719 libri
1674 3668 1847 3733 hujus.

1532 3747 1549 3778 ἲ
1578 3745 1730 3795 Senos
1745 3744 1957 3794 radicum
1971 3742 2101 3803 oros]
2136 3742 2220 3791 Ita
2233 3741 2372 3790 clare
2390 3741 2522 3790 Mss.

1466 3835 1661 3876 omnes.
1709 3819 1793 3869 Ad
1816 3820 2044 3868 radicem
2069 3817 2349 3881 pyramidis
2370 3817 2524 3864 intel-

1466 3900 1558 3960 ligi
1585 3898 1650 3947 ab
1673 3912 1733 3947 eo
1752 3898 2064 3947 arbitramur
2081 3895 2387 3961 spatiosiora
2403 3892 2520 3942 fun-

1468 3972 1729 4034 damenta,
1766 3986 1863 4022 ceu
1902 3971 2094 4036 gradus
2129 3970 2394 4033 quosdam,
2426 3982 2522 4032 per

1470 4060 1596 4111 quos
1635 4046 1877 4096 introitus
1915 4045 2193 4110 pyramidis
2239 4049 2522 4108 peteretur.

1472 4121 1618 4174 Libri
1632 4120 1782 4181 editi,
1801 4135 1935 4173 senos
1949 4122 2108 4171 radice
2118 4129 2307 4171 maroa·
