3000 4917
474 393 649 459 4910
1350 437 1355 441 .
1441 396 1690 446 rumix

474 551 908 610 annumeratum.
929 549 979 594 1.
1030 541 1184 593 Idem
1215 539 1284 591 de
1320 538 1634 593 educatione
1669 551 1947 602 puerorum
1983 537 2256 657 scripsisse
2279 538 2477 591 dicitur
2500 553 2534 590 a
2558 537 2686 589 Plri-

473 633 694 682 lostrato
714 627 923 678 devita
945 624 1118 688 Apoll.
1139 637 1219 672 vr.
1246 625 1324 671 14.
1345 636 1397 685 p.
1420 625 1538 670 806.

538 712 867 771 Aristagoras.
909 705 1131 769 Scripsit
1167 702 1491 766 IEgyptiaca,
1520 712 1734 765 quorum
1757 700 2052 764 Stephanus
2075 699 2310 751 meminit
2332 699 2385 749 in
2406 698 2685 763 Τόκοριῲος,

476 799 532 843 et
555 791 679 841 alibi
699 803 858 852 soepe.
888 789 968 837 Eo
993 787 1047 836 in
1069 797 1245 848 opere
1242 782 1366 846 egit
1387 781 1454 831 de
1472 781 1852 846 pyramidibus,
1866 796 1936 830 ex
1956 795 2061 846 quo
2078 781 2242 831 multa
2258 780 2469 830 Plinius
2493 781 2693 831 recitat

476 885 678 923 xxxvi.
703 875 782 921 17.
814 882 916 935 quo
947 865 1226 928 eir-capite
1258 863 1546 927 colligimus
1574 860 1736 911 fuisse
1767 860 1990 911 Duridis
2022 860 2182 911 Samii
2206 860 2492 924 aequalem:
2530 866 2689 924 atque

477 954 607 1006 adeo
627 950 864 1001 floruisse
883 962 1007 1011 rege
1027 943 1245 1010 AEgypti
1266 941 1632 1006 Philadelpho,
1653 942 1869 1008 Olymp.
1890 941 2103 993 circiter
2124 953 2323 992 cxxiv.

539 1032 843 1092 Aristander,
874 1026 1095 1077 Varroni
1126 1031 1182 1075 et
1215 1023 1517 1074 Columellae
1546 1022 1614 1072 de
1635 1023 1716 1072 Re
1742 1022 1891 1072 Rust.
1914 1036 1956 1072 ι.
1991 1020 2329 1071 Aristandrum
2356 1017 2693 1071 Atheniensis

477 1111 668 1174 dictus,
685 1112 826 1161 inter
841 1109 1125 1174 scriptores
1143 1105 1242 1156 Rei
1266 1103 1519 1155 Rusticoe.
1568 1102 1791 1167 Scripsit
1811 1109 1869 1154 et
1889 1101 1958 1154 de
1981 1100 2256 1166 portentis,
2276 1108 2502 1152 auctore
2520 1100 2694 1151 Plinio

477 1195 737 1243 xv11.88.

541 1271 856 1323 Aristarchus
873 1268 1164 1334 Sicyonius,
1185 1266 1237 1315 in
1262 1264 1447 1315 Indice
1471 1262 1564 1313 lib·
1586 1275 1642 1312 v,
1708 1262 1797 1311 De
1830 1218 1985 1312 rebus
2006 1260 2393 1326 Geographicis
2415 1260 2690 1323 scripsisse

477 1350 700 1401 videtur.
743 1351 980 1401 Eundem
1002 1362 1118 1399 esse
1135 1346 1390 1410 suspicor,
1410 1357 1566 1409 quem
1588 1341 1875 1393 Pausanias
1896 1341 1991 1394 lib.
2012 1355 2066 1392 v.
2087 1355 2141 1405 p.
2163 1345 2282 1393 325.
2304 1355 2482 1392 rerum
2508 1341 2692 1405 Olym·

477 1429 709 1494 picarum
731 1430 1037 1493 scriptorem
1060 1426 1314 1492 appellat.

543 1511 763 1562 Aristeas
793 1507 1050 1560 Castrobii
1083 1506 1236 1569 filius,
1268 1502 1653 1556 Proconnesius
1690 1502 1867 1566 poeta,
1890 1502 2061 1567 inquit
2083 1500 2391 1552 Herodotus
2414 1501 2510 1552 lib.
2536 1514 2615 1550 ιν.
2638 1514 2690 1564 p.

475 1595 594 1641 229.
614 1590 826 1654 scripsit
845 1587 1154 1653 Ἀριμάσπεα
1172 1584 1437 1637 carmina:
1438 1581 1731 1644 Θεογονίαν
1764 1581 1998 1632 versibus
2019 1581 2134 1632 fers
2156 1582 2317 1632 mille.
2383 1582 2538 1632 Vixit
2563 1588 2692 1629 tem·

478 1671 691 1737 poribus
711 1671 839 1735 Cyri
860 1677 917 1720 et
940 1669 1121 1721 Croesi·
1153 1665 1291 1716 Vide
1312 1663 1526 1723 Suidam
1549 1678 1603 1727 p.
1619 1667 1750 1712 426.-
1767 1662 1980 1714 Vidisse
2001 1677 2059 1713 se
2080 1661 2313 1713 Aristeae
2334 1661 2502 1713 libros
2528 1669 2692 1712 testa·

480 1758 568 1801 tur
589 1750 790 1801 Gellius
813 1763 899 1800 ιι.
915 1754 966 1799 4.
990 1764 1042 1813 p.
1063 1751 1180 1798 461.
1230 1746 1319 1795 De
1343 1758 1406 1794 eo
1427 1745 1583 1807 plura
1599 1742 1665 1792 ad
1688 1742 1846 1793 Plinii
1868 1755 1973 1792 vu.
1995 1747 2046 1792 2.

543 1831 790 1881 Aristides
821 1830 993 1894 patria
1022 1827 1260 1879 Milesius
1294 1823 1416 1875 fuit.
1481 1823 1708 1886 Scripsit
1739 1822 1898 1873 libros
1931 1836 2104 1872 rerum
2135 1821 2449 1884 Sicularum,
2477 1820 2694 1871 Italica·

478 1926 612 1975 rum,
630 1925 694 1961 ac
715 1909 1065 1972 Persicarum,
1102 1922 1225 1973 quar
1252 1904 1436 1956 laudat
1462 1904 1776 1954 Plutarchus
1810 1903 1866 1953 in
1903 1902 2198 1966 Parallelis‚
2236 1917 2289 1966 p.
2324 1905 2441 1952 805.
2482 1910 2540 1950 et
2565 1902 2691 1950 alibi

479 1991 689 2056 passim.
720 1990 947 2053 Scripsit
967 1995 1026 2039 et
1048 1986 1373 2048 Milesiacos,
1391 1984 1643 2034 lascivum
1665 1997 1818 2048 opus,
1839 1989 1900 2033 ut
1932 1983 2008 2032 ait
2045 1982 2183 2032 idem
2221 1982 2366 2031 Plut.
2398 1981 2452 2030 in
2477 1981 2694 2044 Crasso,

479 2087 536 2135 p.
556 2075 672 2121 564.
703 2067 992 2120 Aristidem
1024 2066 1204 2117 laudat
1233 2063 1452 2116 Pindari
1482 2064 1797 2115 scholiastes
1836 2079 1891 2129 p.
1915 2067 2033 2115 216.
2065 2063 2118 2112 ἐν
2148 2062 2218 2125 τῷ
2237 2061 2344 2125 περὶ
2375 2060 2552 2130 Κῴου
2572 2076 2691 2121 aar·

482 2151 743 2214 ’γράψαι-ι.
794 2149 987 2200 AEtatis
1009 2150 1249 2199 incertae.
1963 2180 1988 2188 ..
2103 2184 2108 2189 .

543 2235 853 2287 Aristocreon
873 2233 1171 2292 Terrarum,
1195 2229 1278 2280 vel
1299 2225 1498 2279 Africae
1521 2233 1689 2290 certe,
1709 2227 1867 2279 sitam
1907 2226 2249 2291 descripsisse
2284 2226 2499 2277 videtur
2523 2242 2538 2275 ε
2574 2237 2692 2275 cum

480 2315 724 2365 laudetur
746 2328 778 2361 a
800 2311 978 2362 Plinio
999 2311 1053 2361 in
1074 2323 1236 2374 opere
1259 2308 1647 2373 Geogrsphico,
1670 2322 1723 2358 v.
1746 2313 1824 2358 10.
1846 2312 1902 2358 et
1922 2321 2002 2358 vr.
2024 2312 2107 2358 35.

548 2391 887 2445 Aristocritum
941 2390 1379 2443 commentarium
1398 2389 1629 2440 edidisse
1651 2389 1719 2439 de
1740 2389 1951 2453 Mileto,
1978 2387 2165 2439 scribit
2194 2386 2457 2453 Apollonii
2494 2387 2696 2439 Scholi-

484 2480 626 2525 astes
651 2472 716 2522 ad
742 2487 783 2523 ι.
806 2477 921 2522 185.

546 2553 874 2616 Amsaga-es,
897 2551 1121 2604 Gnidius
1144 2566 1176 2601 a
1197 2552 1308 2602 solo
1330 2550 1513 2607 natali,
1536 2565 1567 2601 a
1590 2550 1836 2600 diuturna
1868 2549 2275 2604 commoratione
2308 2547 2450 2598 idem
2472 2547 2696 2605 Thasius

481 2633 659 2684 Suidae
681 2633 998 2697 appellatus,
1033 2647 1088 2695 p.
1108 2635 1228 2683 428.
1277 2630 1559 2694 Chrysippi
1579 2629 1868 2694 philosophi
1890 2643 2095 2693 servus,
2116 2638 2172 2678 et
2194 2627 2338 2678 idem
2356 2627 2521 2692 Regis
2545 2628 2696 2679 Anti-

483 2713 605 2785 goni
629 2703 884 2762 Goneatae
907 2713 1160 2761 medicus.
1209 2711 1415 2761 Floruit
1439 2709 1753 2773 Olympiade
1773 2721 1943 2760 cxxv.
1991 2707 2216 2771 Scripsit
2236 2709 2399 2758 multa
2421 2707 2492 2757 de
2518 2707 2696 2758 Rebus

483 2792 743 2842 Medicis.
781 2793 835 2840 in
857 2793 952 2855 his,
972 2790 1296 2841 Auxiliorum
1320 2790 1650 2840 Naturalium
1676 2789 1968 2853 Epitomen‚
1990 2790 2205 2850 φυσικῶν
2218 2786 2560 2853 βοηθημάτων,
2581 2787 2697 2852 πρὶς

485 2872 780 2934 Ἀντίγονον.
827 2873 911 2921 De
936 2873 1210 2921 Facultate
1229 2867 1876 2932 Medicameutorum‚=·rpi
1895 2867 2148 2930 δυνάμεως.
2180 2871 2265 2920 De
2287 2871 2563 2921 venenatis
2588 2871 2697 2920 ani-

482 2953 725 3016 malibus,
743 2951 850 3016 περὶ
868 2953 1094 3010 δακετῶν,
1117 2960 1171 3002 et
1196 2952 1316 3010 alia,
1338 2951 1406 3001 de
1428 2950 1615 3016 quibus
1638 2950 1823 3000 Suidas
1845 2951 1948 3008 loc.
1970 2950 2068 3001 cit.

546 3034 874 3096 Aristogiton,
897 3033 1105 3084 Groecis
1136 3031 1497 3096 Ἀριστογείτων
1530 3030 1791 3089 Medicus,
1823 3031 1876 3079 in
1909 3029 2096 3081 Iudice
2129 3029 2223 3081 lib.
2245 3044 2437 3083 xxvu.
2455 3037 2514 3081 et
2537 3034 2693 3081 ο.14.

484 3114 717 3178 ejusdem
741 3113 881 3170 libri,
904 3114 1083 3163 Plinio
1100 3120 1428 3173 memoratus.

546 3194 931 3256 Aristomachus,
966 3193 1140 3257 patria
1171 3194 1399 3244 Solensis
1432 3193 1768 3257 Melitnrgica
1801 3190 2071 3256 scripsisse
2094 3190 2323 3242 dicitur
2307 3206 2363 3240 in
2389 3190 2579 3242 Indice
2602 3189 2693 3239 lib.

484 3287 566 3325 xi.
580 3275 645 3323 et
665 3288 784 3337 cap.
806 3278 856 3324 9.
881 3274 1116 3339 ejusdem
1141 3273 1295 3323 iibri.
1331 3273 1477 3337 cujus
1498 3273 1671 3338 operis
1695 3279 1752 3323 et
1782 3272 2065 3323 Columella
2085 3272 2342 3337 meminit,
2363 3285 2446 3323 ιι.
2461 3275 2553 3335 13.
2605 3272 2692 3321 De

488 3354 756 3404 conditura
776 3354 883 3403 vini
906 3355 958 3403 in
983 3352 1166 3404 Iudice
1186 3353 1279 3403 lib.
1298 3367 1393 3403 xv.
2237 3406 2244 3411 ‚

548 3432 906 3482 Aristomachus
926 3433 1063 3482 aiter
1085 3432 1436 3496 Atheniensis,
1457 3431 1526 3482 de
1548 3447 1653 3498 quo
1684 3432 1882 3482 Plinius
1917 3432 1975 3484 iu
2012 3432 2194 3484 Indice
2216 3432 2309 3482 lib.
2335 3447 2466 3483 xm.
2489 3439 2548 3483 et
2569 3445 2687 3495 cap.

484 3515 572 3563 47.
592 3512 828 3576 ejusdem
853 3512 989 3562 libri.
1054 3513 1142 3562 De
1163 3513 1373 3563 Plantis
1396 3513 1663 3577 scripsisse
1685 3512 1910 3564 videtur.

547 3593 893 3657 Aristophanes
915 3593 1153 3644 Milesias.
1187 3593 1275 3643 Ita
1294 3607 1396 3643 uno
1418 3590 1672 3645 consensu
1694 3594 1814 3644 libri
1836 3608 2013 3644 omnes
2031 3594 2180 3658 editi,
2197 3599 2253 3643 et
2270 3608 2430 3644 manu
2451 3592 2683 3643 exarati:

487 3682 703 3739 qnorum
727 3673 1025 3723 auctoritati
1047 3681 1185 3723 stare
1218 3674 1259 3722 si
1286 3675 1399 3739 quis
1429 3676 1674 3738 voluerit,
1707 3690 1773 3723 ex
1810 3676 1873 3724 iis
1896 3675 2180 3725 Varronem
2204 3675 2530 3740 emendabit,
2554 3672 2691 3737 apud

487 3769 639 3820 quem
662 3767 767 3803 non
787 3753 1023 3803 Milesius
1046 3754 1153 3816 iile,
1176 3753 1265 3802 sed
1285 3754 1553 3818 Mallotes,
1574 3769 1639 3804 ex
1672 3755 1837 3805 Mallo
1858 3755 2096 3805 nimirum
2119 3755 2318 3805 Ciliciae
2350 3755 2569 3819 oppido,
2602 3768 2692 3817 ap-

485 3833 732 3896 pellatur,
753 3847 793 3884 ι.
820 3840 867 3884 1.
891 3833 980 3886 ubi
1006 3835 1223 3886 ,eosdem
1256 3835 1324 3885 de
1357 3835 1678 3899 agricultura
1708 3836 1987 3900 scriptores
2024 3841 2283 3892 recenset.
2323 3851 2456 3902 quos
2487 3834 2691 3884 Plinius

483 3912 667 3961 laudat
700 3914 754 3961 in
788 3912 973 3964 Indice
1011 3914 1101 3964 lib.
1121 3927 1246 3964 vni.
1281 3912 1683 3978 Aristophanem
1720 3917 1856 3966 hunc
1893 3915 2062 3980 ipsum
2095 3917 2146 3965 ἐν
2175 3917 2279 3965 τοῖς
2310 3917 2542 3981 Γεωργοῖς
2569 3915 2691 3966 citat

486 3991 750 4042 Theocriti
771 3993 1088 4045 scholiastes
1111 3994 1176 4043 ad
1199 3994 1356 4059 Idyll.
1382 4009 1425 4046 1.
1446 3999 1536 4046 48.
2033 4038 2040 4044 .

546 4072 893 4134 Aristophanes
914 4074 1001 4124 ille
1024 4076 1206 4139 priscae
1229 4074 1511 4128 Comoediae
1534 4075 1691 4139 poeta
1718 4076 2114 4138 notissimus,ut
2133 4077 2206 4126 ait
2228 4075 2370 4125 Plin.
2393 4088 2523 4127 xxx.
2549 4080 2627 4125 16.

552 4150 852 4209 Aristoteles,
891 4155 1166 4218 Stagirites
1210 4155 1316 4213 iile,
1356 4156 1594 4206 Platonis
1647 4158 1966 4221 magisterio,
2009 4157 2340 4215 institutione
2386 4155 2687 4220 Alexandri,

489 4230 674 4281 scholae
700 4231 1073 4296 Peripateticae
1099 4235 1407 4286 celebritate
1429 4236 1666 4300 insignis.
1732 4238 1813 4287 De
1836 4253 1938 4303 quo
1960 4239 2089 4288 satis
2111 4238 2274 4288 multa
2296 4236 2400 4287 alii.
