3000 4917
479 350 655 417 4604

1197 367 1259 415 0.
1310 365 1550 414 PLth
1602 366 1930 416 Sssctmm

483 498 874 590 discipulus.
964 508 1195 574 Pinxit
1242 509 1352 572 hic
1402 516 1669 591 raptum
1722 507 2174 591 Proserpinae,
2229 527 2385 591 quse
2440 510 2681 575 tabula

480 609 612 673 fnit
655 609 722 672 in
763 608 1099 693 Capitolio
1145 610 1216 673 in
1249 610 1580 677 Minervae
1612 608 1890 674 delubro
1922 629 2125 692 super
2159 610 2526 675 aediculam
2553 612 2680 676 Ju-

481 710 906 796 ventatisstffm
994 710 1081 776 Et
1125 712 1194 777 in
1241 711 1472 775 eodem
1523 709 1861 794 Capitolio
1905 713 2060 787 alia,
2089 732 2294 795 quam
2329 712 2681 777 Plancuslm

480 811 841 894 imperator
868 818 1206 896 posuerat,
1228 813 1518 876 victoria
1540 812 1930 894 quadrigam
1960 812 2031 876 in
2063 814 2350 877 sublime
2382 816 2680 896 rapiens.

483 910 623 975 Hic
668 912 922 994 primus
967 911 1198 997 Ulyssi
1241 912 1499 977 addidit
1539 912 1836 994 pileum.⁰
1923 913 2157 979 Pinxit
2181 922 2251 978 et
2282 914 2679 999 Apollinem

479 1020 546 1077 et
597 1013 904 1090 Dianam,
952 1013 1310 1095 Deumque
1359 1019 1679 1081 matrem?
1727 1014 1796 1076 in
1850 1015 2041 1078 leone
2077 1015 2469 1085 sedentem:
2516 1016 2677 1080 item

480 1114 739 1179 nobiles
806 1115 1112 1179 Bacchas
1140 1122 1166 1160 ‘¹
1235 1114 1732 1198 arreptantibus
1797 1114 2110 1198 Satyris:
2184 1116 2679 1200 Scyllamque‚‘

481 1232 636 1298 quae
680 1235 855 1280 nunc
903 1223 1004 1281 est
1047 1215 1288 1280 Romae
1330 1216 1398 1279 in
1445 1217 1699 1297 templo
1730 1216 1959 1281 Pacis,

2050 1217 2203 1282 Nec
2230 1219 2360 1303 fuit
2387 1220 2566 1283 alius
2611 1220 2677 1282 in

1473 1333 1515 1381 N
1527 1331 1685 1382 0¹1*AE

543 1437 580 1462 Β
610 1430 880 1479 AEdioulum
916 1430 1215 1494 assentatu]
1262 1430 1445 1479 Victor
1479 1429 1534 1479 in

481 1505 749 1569 Descript.
804 1507 998 1568 Romae,
1066 1507 1276 1567 regione
1332 1512 1536 1566 octava,

479 1595 640 1645 prope
686 1581 1034 1644 Capitolium:
1068 1585 1084 1609 ‘
1111 1582 1399 1631 Delubrum
1434 1581 1536 1630 Mi-

475 1674 664 1708 nervae.
697 1660 932 1710 AEdicula
948 1660 1227 1711 Juventae.’
1269 1661 1432 1709 Dicta
1455 1665 1536 1708 est

477 1736 718 1799 antiquis,
766 1738 876 1786 Dea
915 1738 1169 1799 ducentas,
1212 1744 1266 1786 et
1309 1739 1535 1791 Juventa,

477 1826 581 1861 non
612 1813 867 1863 aasentias.
933 1813 1025 1861 Sic
1059 1814 1213 1862 etiam
1259 1814 1389 1861 Mss.
1425 1827 1535 1861 orn·
1567 1853 1572 1856 .

475 1891 670 1939 nes.——‘
694 1888 899 1938 Profert
933 1888 1308 1940 Mediobarbus
1345 1904 1394 1951 p.
1417 1892 1532 1937 211.

478 1979 509 2013 e
532 1965 715 2014 Museo
739 1980 830 2013 suo
851 1979 1108 2014 nummum
1127 1978 1316 2014 aereum
1331 1963 1533 2014 Aurelii

476 2041 713 2104 Caesaris‚
745 2056 860 2090 cum
893 2043 990 2091 hoc
1022 2043 1258 2091 lemmate
1283 2042 1336 2091 in
1365 2042 1536 2090 altera

478 2126 650 2182 parte,
687 2130 958 2167 rvvsuus
993 2130 1065 2167 sc.
1136 2120 1255 2167 Des
1287 2126 1428 2166 stans
1464 2115 1531 2165 ad

475 2207 615 2243 uram
660 2193 932 2243 sacrificat.
1001 2195 1097 2243 Est
1139 2201 1194 2244 et
1247 2196 1299 2243 in
1347 2194 1534 2243 Museo

474 2275 654 2316 nostro
678 2276 970 2331 argenteus.
1002 2268 1269 2332 Significat
1293 2285 1322 2318 a
1335 2268 1534 2333 juvene

477 2344 554 2393 Μ.
581 2343 788 2394 Aurelio
809 2347 1017 2395 Caesare
1037 2347 1423 2407 Rempublicam
1448 2347 1535 2409 pie

477 2420 860 2481 administrari3
898 2437 1052 2486 quem
1099 2422 1367 2471 Antonino
1401 2422 1535 2484 Aug.

476 2497 576 2546 Pio
615 2496 760 2546 dedit
794 2505 1000 2547 senatus
1036 2499 1179 2548 velut
1214 2499 1264 2546 in
1302 2499 1533 2562 regendo

475 2572 695 2634 imperio
716 2572 1003 2623 vicarium:
1026 2580 1213 2622 nutura
1237 2588 1358 2622 vero
1383 2588 1537 2636 pecu-

475 2649 592 2698 liari
615 2649 794 2713 vigore
818 2651 967 2698 animi
1004 2659 1059 2700 et
1093 2652 1324 2714 corporis
1348 2652 1535 2702 robore

479 2725 721 2786 donavit;
762 2740 879 2775 nam
918 2727 1050 2776 tanti
1087 2726 1207 2776 boni
1232 2738 1414 2778 natura
1442 2731 1538 2777 lar-

475 2800 634 2862 gitrix
653 2800 923 2863 juventuti
961 2803 978 2829 ‘
996 2802 1252 2852 Juventas
1268 2803 1283 2825 '
1306 2805 1534 2867 appella·

478 2874 598 2924 tur.'
630 2876 727 2926 Ed.
748 2891 843 2927 sec.

539 2959 564 2984 ¹¹
600 2952 757 3006 Quam
771 2951 1000 3017 Plancus]
1020 2953 1078 3002 L.
1096 2954 1368 3023 Munacius
1380 2955 1535 3004 Plan·

471 3041 585 3085 cus,
609 3027 873 3076 Ciceronis
896 3026 1195 3090 discipulus,
1220 3029 1285 3078 de
1308 3045 1409 3094 qun
1430 3031 1537 3079 Pli-

470 3103 587 3152 nius
606 3102 660 3150 in
685 3099 849 3150 Praef.
871 3101 936 3150 ad
957 3103 1156 3164 Titum,
1178 3112 1233 3152 et
1258 3118 1384 3155 xm.
1409 3111 1457 3154 5.

538 3185 564 3209 ⁰
597 3177 699 3226 Hic
714 3177 900 3240 primns
919 3212 932 3226 .
949 3212 963 3227 .
988 3212 1000 3227 .
1017 3213 1032 3227 .
1063 3179 1262 3244 pileum]
1293 3181 1535 3245 Ulyssem

476 3253 744 3317 pileatum,
795 3250 1122 3317 effigiemque
1162 3257 1308 3304 canis
1354 3272 1384 3304 a
1432 3271 1536 3320 quo

474 3328 791 3392 agnoscitur,
821 3341 1053 3378 nummus
1086 3339 1358 3392 argenteus
1392 3332 1535 3382 exhi-

476 3406 567 3455 bet
586 3405 834 3453 Mamiliae
854 3405 1023 3466 gentis
1047 3407 1097 3454 in
1118 3407 1305 3456 Museo
1323 3416 1498 3457 nostro
1519 3425 1531 3456 ε

477 3481 682 3546 qualem
705 3488 758 3529 et
783 3479 1001 3529 Petinus
1024 3484 1250 3544 sculpsit,
1281 3498 1396 3547 pag.
1422 3488 1534 3533 163.

473 3558 557 3595 —‘
576 3557 668 3606 sed
722 3570 908 3620 magno
949 3570 1143 3606 errore.
1215 3558 1356 3608 Nihil
1397 3560 1535 3609 aliud

473 3649 536 3684 ea
559 3633 733 3696 effigie
770 3631 1104 3697 significatur,
1143 3650 1294 3699 quam
1330 3636 1389 3684 C.
1418 3637 1533 3685 Ma.

472 3711 601 3760 rnilii
620 3710 880 3760 Limetani
902 3710 1239 3773 Imperatoris
1261 3711 1533 3774 providen-

473 3788 546 3837 tia
580 3781 637 3836 et
670 3801 793 3835 cura
825 3784 1023 3836 factum
1059 3800 1194 3847 esse,
1228 3794 1288 3836 ut
1322 3794 1431 3836 tuta
1463 3788 1530 3836 ab

473 3865 694 3912 hostium
735 3864 817 3911 vel
861 3863 1118 3911 latronum
1154 3863 1531 3913 incursionibus

472 3940 660 3990 itinera
699 3938 949 3988 baberent
994 3945 1325 3988 mercatores.
1396 3939 1529 3988 Nam

473 4023 533 4065 et
554 4016 604 4063 hi
626 4028 740 4064 cum
763 4028 818 4062 se
838 4014 965 4063 dant
997 4014 1110 4074 viae,
1132 4029 1312 4064 canem
1336 4016 1530 4068 habent

472 4092 733 4141 comitem.
800 4090 925 4138 Eam
953 4090 1018 4139 ob
1051 4105 1157 4139 rem
1193 4099 1249 4141 et
1281 4093 1530 4155 Trajanus

475 4168 770 4229 Imperator
790 4167 1075 4215 Mamilium
1101 4168 1389 4217 restituisse
1407 4169 1534 4218 dici·

476 4251 564 4294 tur
582 4243 633 4292 in
649 4256 854 4293 nummo
872 4248 1140 4306 argenteo,
1158 4242 1346 4293 ibidem
1367 4260 1379 4291 ε
1404 4259 1532 4309 quo·

1610 1431 1745 1479 niam
1792 1431 1947 1479 simili
1989 1430 2241 1481 beneficio
2279 1431 2677 1495 Rempublicam

1611 1504 1890 1556 affecisset.
1961 1507 2024 1556 1n
2058 1521 2243 1556 aversa
2286 1509 2481 1557 nummi
2525 1515 2678 1571 parte

1613 1581 1904 1630 Mercurius
1943 1581 2191 1645 pingitur,
2228 1583 2312 1646 qui
2335 1590 2526 1644 praeest
2550 1596 2682 1630 mer·

1610 1665 1807 1706 caturae
1831 1673 1846 1716 3
1880 1670 1996 1705 cnm
2021 1657 2272 1713 caduceo,
2298 1658 2441 1719 pacis
2466 1657 2678 1720 symbo-

1609 1731 1699 1781 lo.’
1738 1733 1835 1780 Ed.
1852 1747 1947 1782 sec.

1661 1815 1697 1850 Ῥ
1730 1808 1977 1872 Deumque
2005 1809 2227 1872 matrem]
2284 1809 2518 1859 Leonum
2545 1809 2677 1873 jugo

1606 1882 1841 1946 Cybelen
1868 1884 1983 1933 vehi
2003 1884 2187 1932 Suidas
2211 1886 2418 1950 scribit,
2441 1893 2498 1934 et
2521 1887 2674 1950 pueri

1606 1959 1875 2008 sciunt.—-‘
1899 1961 1979 2009 De
2013 1961 2187 2009 Matre
2211 1963 2381 2010 Deum
2409 1960 2528 2009 vide
2558 1977 2675 2024 quae

1605 2026 1826 2084 diximus
1848 2036 1910 2083 ad
1937 2036 2022 2084 lib.
2048 2049 2110 2084 ιι.
2130 2050 2246 2099 cap.
2265 2036 2337 2086 6.’
2366 2038 2468 2087 Ed.
2492 2051 2591 2086 sec.

1670 2121 1696 2156 ‘¹
1730 2113 1925 2162 Nobiles
1972 2113 2208 2174 Bacchus]
2260 2113 2516 2163 Mulieres
2557 2127 2676 2178 quse

1607 2189 1812 2239 Baccho
1834 2188 2088 2239 sacrificia
2115 2187 2403 2238 faciebant.

1670 2273 1691 2298 ¹
1721 2265 2042 2329 Scyllamque]
2095 2266 2387 2315 Monstrum
2422 2265 2686 2328 navigan-¹

1608 2341 1746 2391 tibus
1767 2341 2032 2402 infestum,
2063 2341 2138 2390 uti
2163 2347 2220 2389 et
2240 2340 2551 2403 Charybdis.
2599 2341 2680 2388 Ex

1609 2431 1711 2467 aere
1751 2430 1955 2480 qnoque
1996 2415 2165 2465 fusum
2211 2414 2409 2465 affabre
2450 2422 2682 2464 testatur

1608 2494 1943 2558 Epigramma
1967 2494 2274 2554 perelegans
2291 2492 2343 2540 in
2366 2490 2584 2541 Anthol.
2604 2505 2680 2540 nr.

1613 2574 1634 2617 1
1649 2574 1666 2616 l
1679 2605 1691 2618 .
1733 2567 1799 2617 εἷς
1820 2566 2044 2618 Σκύλλαν
2062 2569 2269 2628 χαλκῆν.
2336 2565 2476 2628 nin),
2494 2565 2685 2628 χαλκὸς

1610 2645 1838 2706 ἔλαμπεν,
1866 2644 2035 2706 ἐμήνυε
2056 2644 2096 2693 δ’
2120 2644 2264 2708 ἔργον
2284 2640 2489 2693 &vanius
2501 2644 2681 2705 Ἕμμε·

1611 2740 1684 2770 ναι
1703 2720 1968 2784 Ἡφαίστου
2002 2720 2266 2769 δαιδαλέοιο
2287 2720 2487 2782 τέχνης,
2521 2708 2686 2779 Ain-‘bv'

1610 2796 1669 2846 ἄν
1687 2816 1762 2847 τις
1798 2796 2028 2848 Σκύλλαν
2059 2795 2227 2845 ὀΐσατο
2252 2796 2433 2855 τηλόθε
2459 2796 2683 2846 λεύσσων

1609 2872 1859 2937 Ἑστάμεν,
1883 2875 1938 2923 ἐκ
1969 2871 2148 2922 πόντου
2172 2874 2315 2934 γαῖαν
2336 2870 2677 2935 ἂμειψαμένην.

1607 2950 1795 3001 Τόσσοι*
1838 2949 2081 3004 ἑπισσείει,
2122 2948 2304 2998 τόσσον
2331 2947 2492 2997 κότον
2535 2948 2677 2997 ἀντία

1612 3028 1790 3092 φαίνει,
1811 3026 1925 3078 Οΐον
1945 3026 2038 3075 ἀπὸ
2056 3024 2299 3087 πελάγους
2316 3024 2681 3087 συγκλονέουσα

1610 3103 1734 3155 νέος.
1800 3107 1920 3154 AEre
1957 3105 2054 3153 nisi
2072 3104 2294 3163 fulgeret
2330 3118 2461 3165 opus,
2500 3103 2546 3150 si
2586 3104 2682 3151 tale

1609 3181 1722 3244 quid
1764 3186 1902 3242 esset,
1943 3180 2119 3235 Qualia
2162 3179 2400 3227 Doedalioe
2440 3178 2681 3226 Mulciber

1608 3260 1734 3309 artis
1768 3258 1925 3315 habet,
1963 3257 2165 3305 Eminus
2202 3255 2435 3317 aspiciens
2467 3244 2679 3317 Scyllam

1608 3335 1716 3399 quis
1730 3338 1944 3382 crederet
1958 3333 2111 3395 ipsam
2137 3331 2356 3391 Migrato
2373 3336 2535 3379 terras
2555 3345 2679 3380 nunc

1608 3410 1824 3460 habitare
1860 3408 1999 3457 mari.
2069 3409 2185 3457 Tam
2205 3407 2344 3465 furit
2378 3407 2680 3470 horrendum,

1609 3492 1769 3536 tantas
1789 3487 2004 3545 insurgit
2026 3484 2078 3533 in
2098 3485 2217 3544 iras,
2240 3484 2486 3543 Censor-et
2506 3483 2560 3532 in
2577 3490 2677 3532 :1:11-⁴

1606 3563 1744 3612 nibus
1752 3562 1860 3622 jam
1880 3560 2116 3624 crepitum
2135 3559 2275 3619 rutis.
2313 3559 2437 3622 Ejus
2456 3557 2509 3607 fo
2517 3574 2673 3607 rmum

1606 3638 1755 3687 aliter
1782 3636 2036 3685 Homerus
2073 3635 2348 3691 describit,
2379 3635 2578 3698 Odyss.
2607 3641 2670 3685 M.

1606 3713 1861 3776 capitibus
1896 3727 2008 3771 sex,
2047 3711 2264 3761 bissenis
2300 3712 2542 3775 pedibus,
2593 3712 2675 3761 tri·'

1612 3788 1733 3852 plici
1774 3786 2006 3836 dentium
2053 3786 2275 3835 ordine:
2322 3788 2475 3836 aliter
2521 3789 2673 3837 Maro

1611 3864 1810 3913 AEneid.
1847 3876 1936 3912 ιιι.
1971 3869 1984 3892 ⁸
2010 3861 2082 3911 At
2114 3862 2342 3925 Scyllam
2367 3865 2520 3913 caecis
2539 3865 2673 3914 cobi-

1610 3940 1701 3990 bet
1733 3940 1985 4002 spelunca
2020 3938 2255 3996 latebris,
2296 3939 2408 3989 Ora
2439 3950 2678 3989 exertan-

1612 4024 1737 4072 tem,
1780 4023 1835 4065 et
1888 4029 2048 4064 naves
2090 4015 2144 4063 in
2190 4030 2319 4063 saxa
2361 4016 2674 4068 trahentem.

1613 4093 1788 4141 Prima
1838 4090 2057 4139 hominis
2115 4087 2297 4153 facies,
2347 4098 2404 4140 et
2461 4093 2674 4154 pulchro

1613 4176 1825 4233 pectore
1865 4168 2029 4230 virgo,
2059 4166 2211 4215 Pube
2251 4176 2439 4216 tenus:
2474 4175 2674 4231 postre-

1615 4260 1699 4295 ma
1722 4243 1930 4295 immani
1957 4256 2179 4307 corpore
2214 4242 2423 4309 pistrix,
2458 4242 2671 4308 Delphi}
