3000 4917
901 389 1078 437 NAT.
1129 386 1324 436 ursr.
1373 385 1518 434 ms.
1567 384 1822 435 xxxv,
1866 368 1973 433 49.
2361 368 2539 433 4645

337 539 635 617 quatuor
679 537 749 597 et
793 533 1088 615 quinque
1135 530 1402 613 palmiS,
1435 534 1634 612 prout
1671 536 1850 606 sunt,
1877 528 2318 593 nominantur.
2407 527 2539 594 Ea·

340 637 496 700 dem
526 643 635 699 est
659 635 971 706 latitudo.
1062 633 1325 699 Minore
1355 633 1424 695 in
1455 631 1738 715 privatis
1787 630 2128 714 operibuS,
2176 631 2427 714 majore
2470 632 2540 693 in

341 737 638 823 publicis
669 744 934 807 utuntur
966 737 1035 801 in
1065 735 1352 801 Grae-cia.
1452 733 1714 801 Pitanae
1762 735 1828 798 in
1873 731 2067 807 Asia,
2111 738 2180 797 et
2217 733 2287 795 iu
2320 733 2543 797 ulteri-

337 858 456 904 ore
489 838 855 922 Hispania,
885 837 1269 908 civitatibus
1301 835 1615 901 Maxilua
1641 843 1708 901 et
1739 832 2132 912 Callento,⁵i
2175 836 2347 901 fiunt
2374 835 2542 900 late-

340 961 471 1017 reS,
502 942 622 1025 qui
653 941 894 1006 siccati
925 959 1060 1004 non
1088 945 1469 1020 merguntur
1496 939 1568 1002 in
1602 958 1803 1022 aqua.
1892 937 2067 1002 Sunt
2097 938 2274 1001 enim
2302 958 2340 1001 e
2372 948 2545 1003 terra

338 1043 726 1127 pumicosa,
756 1062 911 1107 cum
941 1042 1161 1124 subigi
1206 1046 1463 1125 potest,
1492 1036 1899 1106 utilissima.³’
1986 1039 2240 1118 Graeci,
2273 1047 2545 1124 practer-

340 1166 540 1228 quam
574 1147 688 1210 ubi
710 1165 746 1210 e
771 1146 963 1210 silice
994 1144 1140 1209 fieri
1172 1149 1428 1227 poterat
1457 1149 1814 1220 structura,
1841 1142 2141 1226 parietes
2171 1142 2498 1207 lateritios
2519 1140 2543 1177 ¹‘

332 1246 734 1333 praetulere.⁶
821 1248 994 1313 Sunt
1035 1248 1204 1313 enim
1247 1246 1505 1324 aeterni,
1547 1246 1605 1310 si
1645 1246 1732 1311 ad
1767 1245 2313 1329 perpendiculum
2342 1244 2543 1309 fiant.

340 1351 452 1416 De
477 1347 594 1421 eo¹
639 1356 706 1416 et
735 1351 1009 1433 publica
1037 1369 1242 1433 opera
1267 1356 1339 1414 et
1366 1349 1592 1431 regias
1621 1349 1861 1415 domos
1904 1353 2244 1412 struxere:
2290 1366 2546 1413 murum

339 1451 655 1529 Athenis,
714 1453 832 1537 qui
892 1453 979 1517 ad
1039 1458 1334 1516 montem
1401 1451 1806 1535 Hymettum
1881 1454 2181 1532 spectat:
2252 1449 2544 1524 PatriS,¹'¹

341 1554 572 1619 aedes⁷
617 1554 821 1620 Iovis
869 1563 940 1617 et
985 1554 1330 1631 HerculiS,
1375 1554 1686 1638 quamvis
1724 1552 2034 1636 lapideas
2086 1552 2435 1616 columnas
2480 1554 2548 1612 et

341 1657 706 1741 epistylia¹¹
737 1657 1256 1721 circumdarent:
1306 1655 1579 1719 domum
1607 1654 1985 1721 Trallibus⁰
2024 1656 2272 1736 regiam
2300 1652 2546 1717 Attali:

340 1761 504 1822 item
567 1758 894 1824 Sardibus
957 1758 1200 1835 Croesi,
1259 1776 1462 1840 quam
1520 1757 1830 1839 gerusian
1856 1765 1882 1805 Ρ
1926 1757 2179 1821 fecere:
2232 1755 2548 1819 Halicar-

1269 1905 1640 1925 ΟΜΝΜ

338 1986 610 2037 Dalm—5
645 1987 662 2015 ‘
680 1988 766 2037 Ita
787 1986 916 2037 Mss.
944 1989 1076 2052 Reg.
1100 1993 1148 2038 2.
1172 1994 1226 2038 et
1247 1992 1297 2038 3.
1360 1988 1424 2038 ln
1449 1988 1710 2037 montibus
1743 1988 1829 2053 qui
1866 1988 2112 2038 dicuntur
2134 1987 2546 2042 Siara-Morem,

338 2060 420 2100 est
442 2053 589 2103 locus
607 2053 696 2116 qui
717 2055 1012 2116 appellatur
1040 2056 1179 2104 Cala.
1236 2052 1318 2102 lbi
1346 2053 1590 2103 videntur
1611 2052 1773 2102 fuisse
1796 2054 1983 2104 civitas
2009 2053 2247 2102 Maxilua
2263 2059 2318 2101 et
2342 2053 2548 2101 Callen-

340 2122 469 2166 tum.
533 2117 803 2166 Callenses
826 2120 1044 2182 populos
1081 2118 1301 2167 vidimus
1324 2132 1481 2182 supra
1508 2133 1591 2167 ιιι.
1625 2117 1694 2168 2.’
1727 2119 1945 2167 Brots'er.
2011 2124 2058 2168 et
2082 2119 2132 2168 in
2158 2116 2400 2165 ulterioris
2423 2117 2549 2166 His·

335 2182 495 2243 pania?
515 2182 792 2232 civitatibus
813 2184 1002 2235 Massia
1017 2189 1065 2233 et
1092 2184 1290 2233 Calento
1313 2183 1545 2234 Gronov.
1571 2190 1626 2232 et
1651 2184 1827 2246 vulgg.
1879 2189 1929 2233 et
1952 2184 2004 2232 in
2025 2182 2269 2232 ulterioris
2294 2181 2548 2242 Hispania

337 2247 634 2307 civitatibus,
669 2247 893 2297 Maxilua
914 2255 961 2298 et
988 2246 1186 2297 Cale-nto
1210 2247 1467 2298 Harduin.
1505 2253 1551 2297 l.
1574 2251 1623 2296 2.
1646 2252 1695 2297 3.
1735 2257 1791 2296 et
1817 2252 2138 2296 recentt.——6
2189 2246 2318 2295 Cod.
2361 2245 2552 2296 Dalec.

337 2312 669 2361 exutae—7
704 2313 788 2361 Ita
823 2328 890 2362 ex
922 2313 1077 2362 codd.
1117 2312 1419 2361 Harduinus
1457 2320 1514 2361 et
1555 2318 1780 2362 receutt.
1829 2313 1935 2360 ideo
1955 2319 2003 2362 et
2025 2313 2077 2359 in
2107 2310 2294 2374 publica
2328 2324 2469 2372 opera
2502 2314 2549 2358 et

334 2375 499 2436 reg-ius
514 2378 675 2425 domos
695 2379 953 2427 adduntur.
1019 2377 1106 2426 Sic
1126 2382 1346 2426 struxere
1368 2391 1553 2426 murum
1576 2411 1590 2426 .
1614 2408 1629 2424 .
1648 2411 1660 2425 .
1684 2381 1863 2440 spectat
1881 2393 1898 2424 .·
1932 2378 2004 2425 sic
2038 2375 2209 2424 Patris
2250 2376 2376 2423 aedes
2413 2374 2547 2423 Gro-

336 2452 456 2489 nov.
482 2447 538 2490 et
564 2443 633 2492 al.
671 2450 800 2494 vett.
850 2443 929 2492 sic
966 2441 1139 2491 Patris
1168 2444 1315 2491 cedem
1358 2443 1472 2491 cod.
1516 2441 1696 2492 Dslcc.
1763 2441 1912 2504 Mox,
1952 2443 2137 2489 domum
2170 2439 2356 2501 regium
2389 2438 2552 2487 Attali

1362 2571 1580 2622 NOTAE

406 2665 422 2699 ¹
451 2665 680 2716 Maxilua
694 2672 742 2718 et
761 2665 1000 2730 Cullento]
1019 2668 1265 2730 Μαξίλουα
1281 2668 1408 2718 Pto-

341 2745 527 2793 lemaro
548 2744 767 2792 Boeticae
784 2743 1055 2808 oppidum.
1091 2745 1407 2807 Callentum,

338 2819 519 2883 Plinio
542 2831 606 2867 ιι.
632 2822 681 2869 3.
715 2833 831 2882 pag.
855 2822 972 2868 296.
1007 2819 1095 2868 ubi
1121 2819 1407 2882 oppidanos

343 2894 612 2944 Callenses
669 2894 921 2957 appellari
966 2894 1206 2943 diximus.
1273 2895 1408 2944 Vide

345 2971 515 3019 Notas
537 2979 595 3019 et
619 2970 837 3020 Emend.
860 2985 1000 3020 num.
1021 2974 1102 3019 2⁰.

408 3045 428 3088 3
461 3045 757 3110 Utilissima]
810 3045 1080 3095 Vitruvius
1132 3045 1188 3095 id
1243 3045 1408 3109 expli-

343 3137 487 3183 cans,
510 3124 612 3172 loc.
646 3122 740 3171 cit.
777 3136 894 3186 pag.
927 3126 1010 3172 23.
1039 3122 1054 3150 ‘
1077 3123 1166 3172 Sic
1202 3121 1407 3189 autem,'

343 3202 533 3266 inquit,
574 3205 589 3229 ⁸
612 3215 825 3264 magnas
881 3201 1077 3250 babent
1130 3201 1407 3258 utilitates,

345 3277 483 3341 quod
523 3291 697 3340 neque
735 3277 790 3324 in
831 3275 1263 3326 aedificationibus
1304 3277 1409 3326 siut

343 3352 570 3416 onerosi,
584 3351 680 3416 (de
697 3352 948 3402 lateribus
967 3352 1240 3417 pumicosis
1258 3351 1411 3416 τιδὴ.)

344 3437 400 3480 et
441 3443 561 3478 cum
615 3428 895 3484 ducuntur,
936 3443 967 3478 a
1010 3429 1412 3494 tempestatibus

345 3518 448 3553 non
472 3501 867 3555 dissolvuntur?

410 3578 435 3613 Β
469 3579 696 3629 Parietes
717 3580 976 3644 latericios]
1008 3581 1139 3631 Quae
1162 3579 1411 3646 deinceps

344 3664 654 3720 sequuntur,
685 3670 847 3720 usque
870 3657 936 3705 ad
970 3671 1034 3706 ea
1056 3657 1233 3714 verba,
1273 3658 1289 3685 ‘
1311 3659 1412 3708 Ro-

346 3746 443 3780 mae
465 3746 570 3780 non
605 3730 738 3781 fiunt
760 3733 890 3781 talia
912 3732 1170 3797 aedificia,’
1210 3734 1274 3783 ad
1309 3735 1412 3784 cal·

347 3822 458 3861 cem
502 3805 615 3858 fere
647 3807 798 3872 hujus
842 3823 961 3872 cap.
1002 3809 1221 3859 totidem
1257 3824 1410 3874 paene

349 3885 584 3949 apicibus
607 3885 927 3951 syllabisque
948 3887 1086 3951 apud
1119 3888 1410 3939 Vitruvium

349 3961 511 4024 leges,
536 3975 602 4010 ιι.
626 3965 676 4011 8.
1115 4017 1118 4021 ,

413 4036 428 4070 ¹
459 4039 540 4087 De
560 4037 637 4099 eo]
671 4040 755 4088 De
778 4038 962 4089 latere.
1019 4036 1289 4089 Vitruvius
1313 4039 1416 4088 loc.

347 4116 437 4166 cit.
467 4118 574 4165 ‘Et
617 4117 827 4185 publica
871 4131 1051 4181 opera,
1085 4124 1142 4169 et
1186 4117 1416 4181 privatas

348 4190 546 4254 domos,
569 4191 727 4241 etism
753 4193 923 4256 regias
944 4207 976 4242 e
1001 4194 1168 4249 latere
1192 4201 1415 4245 structas

345 4267 472 4325 licet
492 4265 705 4317 videre!

1553 2676 1590 2702 ¹³¹
1623 2668 1818 2731 Patris]
1858 2667 2036 2716 Patrae
2057 2667 2268 2716 Achaim
2284 2664 2553 2730 oppidum,

1488 2744 1558 2794 (le
1584 2759 1686 2810 qno
1718 2744 1770 2794 in
1794 2743 2165 2807 Geograpbicis
2198 2742 2327 2792 libro
2350 2749 2552 2807 quarto.

1492 2819 1626 2869 Vide
1649 2821 1821 2869 Notas
1843 2826 1900 2868 et
1922 2818 2142 2866 Emend.
2164 2832 2304 2867 num.
2321 2821 2404 2868 21.
2523 2820 2528 2829 ’

1552 2905 1578 2930 ¹²
1615 2898 1684 2947 Et
1704 2895 1950 2960 epistylia]
1971 2892 2289 2954 Ἐπιστύλιον,
2309 2895 2453 2944 trabs
2469 2902 2553 2944 est

1487 2971 2223 3035 summiscolumnisimposita.
2275 2971 2552 3021 Nostrates
2591 2978 2596 2987 “

1486 3048 1822 3099 Architrooem
1843 3053 2052 3108 vocant,
2071 3044 2261 3097 fictitia
2284 3060 2408 3095 voce
2433 3061 2553 3109 par·

1492 3125 1586 3175 tim
1610 3139 1640 3174 e
1664 3124 1855 3175 Graeco
1880 3121 2026 3186 ἀρχὴ,
2049 3129 2104 3170 et
2125 3135 2155 3171 e
2179 3121 2368 3171 Latino
2388 3122 2523 3172 trabs
2538 3143 2582 3177 .·..

1489 3201 1638 3266 qnasi
1671 3200 1992 3264 praecipnam
2036 3199 2255 3249 trabem.
2312 3199 2557 3250 L’Archi-

1491 3283 1629 3327 trave
1650 3277 1803 3340 quise
1820 3281 1915 3325 met
1950 3290 2034 3325 sur
2070 3276 2140 3326 les
2170 3277 2388 3327 colunnas
2419 3284 2554 3328 entre

1492 3359 1537 3407 le
1578 3356 1829 3420 empireus
1866 3359 1916 3404 et
1954 3356 2003 3404 la
2024 3354 2171 3414 srise.
2253 3358 2552 3409 structores

1489 3439 1686 3484 vocant
1705 3432 2015 3496 Δνᾳιιίἰναυο,
2038 3439 2091 3481 et
2106 3431 2325 3495 poitrail.

1555 3516 1580 3542 ⁰
1634 3509 1843 3561 Domum
1900 3507 2161 3572 Μῶμε]
2230 3507 2498 3559 Vitruvius
2532 3526 2546 3561 ε

1492 3584 1510 3613 ‘
1532 3584 1815 3642 Trallibus,
1841 3583 2048 3635 domum
2073 3585 2283 3648 regibus
2306 3586 2554 3637 Attalicis

1491 3659 1726 3711 factam!

1559 3743 1587 3779 Ι)
1624 3737 1780 3793 Quum
1813 3734 2066 3798 geru-sian]
2137 3736 2360 3799 Γερουσία
2401 3737 2554 3789 Sena·

1493 3817 1611 3874 tum,
1632 3812 1919 3861 seniorumve
1950 3811 2198 3873 collegium
2231 3823 2399 3863 sonat.
2465 3816 2554 3864 Vi-

1494 3887 1695 3937 truvius
1714 3888 1813 3936 loc.
1831 3887 1925 3936 cit.
1957 3894 1972 3917 ⁴
1993 3888 2158 3938 Croesi
2181 3888 2380 3952 domus,
2400 3906 2554 3956 quam

1493 3962 1729 4011 Sardiani
1773 3961 1973 4019 civibus
2012 3963 2077 4010 ad
2124 3963 2552 4027 requiescendum

1498 4038 1672 4087 aetatis
1708 4038 1834 4097 otio,
1868 4038 2126 4087 seniorum
2150 4041 2368 4102 collegio
2390 4042 2558 4091 Geru-

1496 4115 1606 4163 sian
1634 4113 2044 4162 dedicaveruut.'
2111 4115 2174 4164 In
2197 4118 2435 4174 nummis,
2460 4124 2555 4169 ΓΕ-

1497 4195 1711 4245 POTCIA
1743 4195 2204 4243 ΙΕΡΑΠΟΛΕῙΤΩΝ.
