3000 4917
804 406 871 454 c.
919 401 1160 455 rmNn
1209 403 1546 456 securim
1600 406 1748 458 mn.
1800 407 1918 457 ιιι.
1961 391 2140 480 (16.)

368 548 433 598 Ρ.
459 550 520 598 R.
544 548 872 613 perstabant,
905 549 1166 613 opposuit.
1201 549 1434 600 Martial.

368 625 449 675 ‘Si
474 628 657 690 quibus
680 627 732 675 in
755 626 927 687 terrie,
948 640 1045 690 qna
1061 628 1216 675 simus
1239 626 1291 674 in
1309 627 1435 675 urbe

369 701 595 763 rogabit,
613 703 821 751 Corneli
843 699 1042 751 referas
1065 715 1146 751 me
1170 703 1295 751 licet
1317 716 1432 751 esse

366 775 516 825 foro!
551 777 699 827 Idem.

434 851 715 915 faventini]
748 852 893 917 Sylla
907 852 1194 902 Carbonem
1213 867 1327 902 cum
1345 867 1434 903 ex·

368 930 541 980 ercitn
586 930 649 979 ad
692 930 939 987 Clusium,
988 932 1325 995 Faventiam,‘
1346 931 1433 980 Fi-

370 1005 762 1071 dentiolamque
813 1020 951 1055 caeso
1009 1006 1166 1056 Italia
1209 1007 1432 1071 expulit.

367 1081 549 1146 Livius
566 1083 660 1132 lib.
685 1095 850 1132 xvm.
883 1083 1035 1131 Idem.

434 1159 688 1223 Tunetoni]
711 1159 961 1208 Tanetum
982 1158 1147 1221 Regio
1172 1157 1394 1207 vicinum
1415 1173 1431 1207 τ

364 1233 519 1297 hujus
540 1234 775 1283 meminit
791 1234 969 1283 Livius
993 1234 1086 1284 lib.
1109 1247 1233 1282 xxi.
1264 1233 1435 1283 Totila

363 1308 437 1358 ibi
473 1310 677 1359 occisus
701 1325 731 1359 a
755 1310 997 1359 Nar-setis
1031 1310 1214 1373 copiis,
1247 1324 1434 1371 nempe

364 1385 720 1449 Longobardis
733 1386 1016 1450 equitibus,
1028 1400 1157 1449 qnos
1172 1385 1277 1435 ad'l
1286 1389 1433 1435 0000.

364 1462 710 1513 conduxerat.
745 1463 897 1512 Idem.

439 1540 671 1590 Vetitotes
705 1540 979 1602 cognomine
1018 1540 1226 1600 Ver-teri,
1252 1537 1436 1601 Regia-

362 1615 458 1678 tes]
510 1615 811 1679 Legendum
846 1617 1098 1665 alterutro
1138 1615 1308 1672 modo,
1343 1622 1462 1664 aut·

373 1694 582 1750 Verteri.
623 1693 864 1756 Vos-intes,
903 1693 1203 1757 separatim,
1240 1701 1299 1742 ut
1328 1693 1435 1743 sint

362 1769 468 1820 dno
487 1771 793 1835 populorum
821 1771 1046 1830 nomina,
1071 1776 1165 1820 aut
1185 1769 1434 1833 conjunc-

361 1846 475 1905 tim,
519 1846 937 1911 Vecteriregiates,
973 1860 1040 1897 ue
1081 1847 1325 1897 turbetur
1358 1847 1433 1896 al·

360 1923 576 1988 pbabeti
600 1925 746 1974 ordo.
782 1925 1010 1974 Pintian.

426 1999 658 2063 Senones]
724 2001 956 2050 Senones
1013 2000 1226 2049 Brenno
1282 1999 1433 2056 duce,

363 2088 483 2125 xiv.
506 2075 735 2125 Kalend.
759 2076 983 2140 August.
1000 2088 1134 2124 anuo
1153 2074 1219 2126 U.
1234 2075 1293 2125 C·
1315 2079 1431 2125 362.

367 2151 541 2204 deleto
578 2153 731 2203 Rom.
752 2153 1014 2216 exercitu,
1036 2153 1251 2201 Romam
1275 2166 1432 2216 cepe-

366 2236 488 2278 runt
507 2245 522 2278 z
559 2231 793 2294 hancque
808 2229 873 2278 de
892 2229 1100 2277 nomine
1120 2229 1282 2278 Ducis
1300 2229 1431 2278 Bre-

360 2304 634 2368 nogalliam
650 2305 996 2370 appellarant.
1031 2306 1433 2359 Proelium.com·

362 2382 573 2430 missum
596 2380 701 2431 fuit
722 2381 786 2432 ad
811 2380 1001 2431 Alliam
1025 2379 1261 2444 fluvium,
1277 2396 1431 2446 quam

357 2456 516 2506 bodie
563 2457 859 2506 cortesium
887 2465 1104 2508 vocantz
1143 2458 1283 2508 unde
1306 2458 1433 2508 Alli-

360 2546 518 2583 enses
539 2534 649 2582 dies
685 2534 879 2584 nefasti
902 2534 1186 2585 Romanis:
1219 2535 1337 2585 huie
1360 2535 1432 2585 vi·

360 2610 538 2659 einum
563 2616 643 2659 est
663 2610 913 2676 oppidum
936 2609 1160 2661 Podinm
1185 2611 1433 2663 Carresil.

360 2685 642 2748 Delecump.

491 2762 627 2812 CAP.
652 2775 773 2812 xvi.
828 2764 907 2812 De
930 2762 1301 2826 Padoflumine.

432 2838 809 2901 Visendosonte]
835 2840 884 2889 N
889 2854 1040 2894 omen
1062 2842 1331 2905 proprium
1350 2846 1433 2891 est

353 2914 539 2966 fontis.
596 2916 711 2965 Into
739 2931 861 2966 vero
884 2917 1188 2979 gerundium
1212 2925 1292 2966 est
1319 2931 1431 2967 ver·

358 2991 416 3040 bi
451 2991 581 3054 viso,
622 2991 955 3055 positumque
997 3005 1092 3056 pro
1126 2992 1286 3055 digno
1313 2992 1431 3041 visu

356 3082 456 3118 seu
492 3068 791 3131 conspicuo,
833 3077 889 3117 ut
928 3068 994 3117 de
1033 3068 1249 3132 Tigride
1294 3067 1432 3117 infra

357 3159 439 3196 vt.
463 3149 543 3198 17.
566 3151 751 3195 auctor
780 3145 1034 3208 loquitur,
1057 3159 1148 3193 seu
1172 3145 1429 3194 admiran-

356 3222 450 3286 do,
473 3228 531 3271 ut
552 3235 621 3271 ex
644 3222 857 3283 Capella
889 3235 1094 3285 quoqne
1116 3221 1430 3283 iuterpreta-

357 3304 446 3347 tur
480 3296 602 3347 Ort.
627 3296 783 3346 Thes.
808 3296 955 3345 Erld.
1023 3297 1111 3346 Sic
1149 3304 1208 3346 et
1242 3309 1328 3346 11.
1346 3300 1430 3347 49.

356 3375 516 3437 infra,
555 3375 573 3404 ‘
600 3376 701 3424 Seu
728 3374 882 3439 plane
909 3373 1125 3423 visenda
1149 3389 1233 3424 res
1257 3373 1434 3438 esset,'

356 3457 461 3503 ὅτε.
495 3453 651 3503 Idem.

424 3530 651 3591 Augetur
667 3529 733 3577 od
753 3528 887 3577 canis
907 3532 1058 3589 ortus,
1090 3527 1287 3590 liquatis
1306 3526 1430 3575 nivi·

354 3608 463 3668 bus,
482 3605 590 3668 ξω]
641 3606 780 3668 Lege
803 3621 817 3652 ε
853 3605 1075 3666 Augetur
1097 3606 1161 3652 ud
1191 3603 1323 3652 cunis
1352 3619 1430 3652 or-

353 3689 437 3733 tus
455 3681 651 3745 liquatis
668 3680 876 3736 nivibus,
904 3695 960 3729 ac
983 3680 1057 3729 his
1079 3695 1220 3742 quum
1250 3679 1432 3729 nativis

352 3757 629 3812 torrentior,
646 3756 771 3805 nihil
793 3760 951 3805 tamen
972 3770 1035 3805 ex
1056 3760 1192 3819 rupto
1214 3755 1306 3805 sibi
1324 3757 1430 3805 uin·

354 3835 543 3898 dicans,
563 3839 702 3897 atque
723 3832 820 3882 ‘ubi
853 3833 1050 3895 linquit,
1077 3833 1309 3883 ubertatis
1330 3834 1430 3882 lur-

350 3914 507 3976 gitor.
558 3912 796 3975 Liqnatae
821 3909 985 3965 nives,
1003 3916 1123 3957 suut
1143 3923 1306 3972 aquae,
1333 3909 1427 3959 ita-

355 4003 461 4055 que
484 4002 588 4037 non
607 4001 737 4051 opus
763 3992 843 4036 est
863 3985 1172 4035 vocabulum
1189 3985 1328 4034 istud
1350 4000 1430 4036 re·

355 4072 561 4131 petere.
643 4061 844 4124 Linquit
883 4075 1005 4110 vero
1043 4062 1128 4111 bic
1170 4062 1431 4125 accipitur

355 4156 458 4207 pro
480 4149 497 4172 ‘
520 4137 743 4203 defluit,’
779 4145 794 4167 ‘
819 4137 1109 4203 decrescit,'
1147 4137 1320 4202 λείπει,
1354 4138 1431 4189 uti

357 4232 528 4284 saepe.
562 4217 690 4266 Im.
721 4215 914 4264 Vossius
935 4215 987 4263 in
1011 4214 1224 4263 Melam.
1242 4228 1295 4276 p.
1318 4218 1435 4265 164.

349 4297 517 4361 ,Agris
533 4308 675 4360 quum
694 4290 902 4353 navigii·
922 4288 1197 4356 torrentior,
1215 4289 1321 4355 qm]
1340 4290 1430 4342 Sic

2404 395 2578 461 5015

1509 549 1716 613 legend.
1751 552 1910 612 agris,
1944 552 2158 615 quamvis
2178 551 2435 602 torrentior
2454 552 2581 601 nihil

1510 629 1668 676 temen
1703 641 1765 675 ex
1801 632 1941 690 rupto
1962 627 2223 685 vindicans,
2244 635 2385 692 utque
2417 629 2497 678 ubi
2518 630 2578 679 12·-

1510 702 1632 764 quit,
1654 703 1799 751 etiam
1818 703 2034 753 ubertate
2057 705 2256 766 largior.
2322 705 2455 755 Haec
2487 719 2578 754 ua·

1512 786 1628 826 tura
1670 780 1976 829 torrentium
2022 777 2318 844 fluviorum,
2361 787 2422 830 nt
2466 781 2579 830 aliis

1510 854 1647 917 agris
1686 854 1882 919 aliquid
1921 869 1986 904 ex
2025 864 2175 920 rapto
2210 857 2482 907 vindicent
2521 863 2580 906 et

1512 929 1830 995 adjudicent,
1864 933 1978 981 aliis
2003 948 2127 983 vero
2150 933 2380 985 adimant
2402 939 2458 983 et
2481 933 2580 983 tol-

1511 1008 1637 1056 lant.
1658 1008 1795 1072 quod
1822 1016 1982 1073 negat
2018 1007 2196 1060 faeere
2230 1011 2432 1059 Padum
2467 1011 2580 1060 Pli-

1509 1085 1643 1140 nius,
1660 1086 1894 1149 quamvis
1915 1086 2296 1136 torrentiorem.
2333 1087 2434 1136 Sed
2459 1100 2576 1151 per-

1512 1174 1688 1223 peram
1722 1161 1933 1224 legitur,
1966 1163 2089 1212 nihil
2109 1178 2173 1212 ex
2188 1168 2330 1226 rapto
2352 1162 2445 1211 siba·
2464 1163 2573 1211 oin·

1508 1238 1700 1287 dicans.-
1736 1240 1851 1300 lege
1888 1238 2178 1302 abjudicans,
2202 1254 2307 1288 non
2346 1240 2570 1303 injurius

1511 1321 1592 1361 est
1618 1319 1818 1363 torrens
1854 1314 1954 1363 illis
1989 1316 2145 1378 agris,
2166 1316 2352 1379 quibus
2376 1315 2574 1380 aliquid

1512 1390 1692 1453 adjicit
1727 1405 1821 1453 per
1858 1391 2199 1451 alluvionem3
2251 1391 2344 1440 sed
2391 1391 2578 1455 quibus

1510 1466 1632 1530 quid
1655 1481 1721 1515 ex
1747 1474 1901 1531 rapto
1921 1466 2187 1530 abjudicat
2210 1474 2266 1516 et
2284 1468 2442 1522 tollit,
2463 1467 2579 1517 vice

1513 1543 1679 1608 iniqui
1700 1544 1949 1594 censoris.
2002 1544 2207 1593 Salmas.
2230 1558 2349 1607 pag.
2373 1547 2454 1592 84.
2475 1547 2578 1595 &c.

1583 1619 1883 1684 Torrentior]
1914 1619 2242 1676 Torrentior,
2278 1620 2333 1669 id
2369 1628 2471 1682 est,
2496 1633 2579 1668 ra-

1514 1695 1698 1759 pidior,
1726 1697 2054 1755 concitatior,
2096 1711 2159 1747 ac
2204 1698 2367 1760 magis
2388 1712 2575 1747 exun-

1514 1770 1670 1822 dans:
1707 1787 1808 1836 qua
1829 1773 1879 1821 iu
1904 1786 1960 1822 re
1981 1769 2181 1822 fallitur
2199 1773 2433 1822 Isidorus
2447 1786 2577 1822 xnr.

1512 1852 1595 1897 21.
1618 1849 1844 1912 Etymol.
1859 1848 1945 1914 qui
1965 1855 2252 1899 torrentem
2272 1848 2468 1898 dictum
2488 1864 2580 1913 pn-

1429 1937 1436 1950 ’
1513 1930 1609 1986 tat,
1631 1926 1767 1989 qnod
1792 1925 2033 1975 siccitate
2056 1931 2313 1974 torrescat
2345 1932 2402 1974 et
2439 1939 2577 1976 ares·

1512 2006 1615 2050 cat.
1652 2002 1764 2065 Ego
1788 2002 1960 2065 potius
1985 2008 2273 2051 torrentem
2301 2001 2446 2066 quasi
2469 2001 2576 2050 tor-⁸

1511 2084 1757 2140 quentem
1782 2076 1974 2127 dictum
1999 2078 2471 2142 putaverim,.quod
2496 2077 2574 2127 iu-

1509 2150 1665 2202 flatns
1688 2153 1896 2217 pluviis,
1917 2154 2190 2219 liquatisve
2226 2155 2433 2204 nivibus
2456 2169 2578 2204 anc-

1488 2289 1492 2293 ⁵
1511 2235 1616 2293 tus,
1638 2229 1792 2279 obvia
1814 2243 2033 2294 quaeque
2061 2230 2358 2294 intorqueat
2382 2234 2439 2279 et
2460 2244 2578 2293 per·

1510 2311 1701 2355 vertat.
1742 2304 1876 2355 Aliis
1900 2311 2082 2355 torrere
2105 2319 2290 2368 rapere
2314 2311 2415 2368 est,
2435 2305 2579 2355 unde

1509 2386 1696 2432 torrens
1733 2382 1964 2446 rapidus.
2031 2381 2258 2431 Eridano
2297 2381 2434 2432 tauri
2464 2381 2577 2430 vnl-

1510 2451 1618 2508 nim
1642 2457 1890 2521 Virgilius
1908 2458 2113 2520 tribuit,
2135 2458 2329 2522 Georg.
2345 2471 2420 2507 iv.
2438 2456 2579 2520 quod

1509 2533 1656 2598 gravi
1677 2546 1825 2596 sono,
1840 2539 1899 2583 ut
1917 2541 2117 2591 taurus,
2138 2534 2362 2596 mugiat3
2384 2543 2438 2584 et
2460 2547 2584 2597 eor·-⁸

1508 2625 1611 2659 uua
1636 2619 1852 2675 propter
1877 2610 2103 2673 riparum
2129 2608 2487 2660 conflexuosos
2510 2609 2579 2657 si·

1507 2702 1602 2737 nus
1626 2703 1641 2738 z
1699 2686 1715 2715 ‘
1745 2687 1816 2734 Et
1863 2686 2071 2749 gemina
2111 2693 2325 2736 auratus
2368 2684 2578 2734 taurino

1419 2781 1424 2788 ·
1508 2776 1704 2812 cornua
1726 2762 1871 2811 vultu
1899 2761 2178 2824 Eridanus,
2199 2776 2301 2826 qno
2323 2774 2423 2810 uon
2447 2760 2579 2809 alius

1509 2853 1604 2904 per
1629 2838 1844 2903 pinguia
1876 2839 2019 2888 culta
2059 2839 2121 2887 In
2146 2853 2287 2887 mare
2323 2850 2576 2901 purpure-

1508 2931 1593 2965 um
1620 2915 1894 2964 violentior
1909 2913 2080 2964 influit
2102 2913 2285 2963 undis.’
2321 2913 2410 2963 Sic
2434 2920 2449 2942 ⁸
2465 2918 2577 2963 tau-

1509 2989 1772 3040 riformem
1810 2987 2089 3039 Aufidum'
2125 2990 2313 3039 Horat.
2349 3003 2426 3040 lv.
2469 2988 2577 3040 od.
2612 2989 2615 2992 ’

1511 3071 1588 3118 14.
1632 3072 1716 3116 25.
1751 3066 1872 3114 binc
1910 3065 2215 3129 figmentum
2254 3065 2318 3115 de
2356 3064 2580 3116 Acheloi

1509 3157 1668 3195 cornu
1691 3142 1758 3191 ab
1783 3141 2017 3192 Hercule
2041 3142 2234 3192 evulso.
2269 3140 2476 3205 Magius
2496 3154 2573 3191 tv.

1508 3223 1561 3268 2.
1595 3219 1764 3269 Dulce.

1573 3295 1733 3359 Atque
1764 3294 1847 3343 ubi
1884 3294 2027 3359 liquit
2061 3292 2226 3355 agros]
2275 3293 2408 3358 Legi
2439 3293 2576 3344 forte

1507 3371 1690 3421 melius
1731 3378 1926 3433 posset,
1961 3375 2102 3432 atque
2137 3370 2219 3418 ubi
2251 3370 2454 3433 liquitur
2484 3370 2576 3419 nix

1505 3447 1723 3497 ubertate
1761 3446 1962 3508 largior.
2037 3445 2178 3495 Nam
2219 3444 2384 3495 dictio
2432 3460 2578 3507 agros

1507 3538 1611 3573 non
1633 3522 1856 3573 babetur
1896 3522 1949 3571 in
1984 3528 2193 3571 vetusta
2227 3529 2448 3585 utraque
2468 3522 2575 3571 lec·

1509 3601 1669 3651 tione.
1703 3600 1929 3651 Pintiun.

1573 3678 1713 3727 Inter
1735 3677 2012 3725 Ravennam
2026 3675 2335 3738 Attiumque
2352 3687 2575 3736 passuum

1511 3752 1710 3816 CXX.]
1749 3751 1958 3807 Scribe,
1992 3749 2120 3799 inter
2141 3750 2420 3799 Ruvennmn
2440 3751 2577 3799 Aut.

1504 3844 1704 3893 numque
1722 3843 1809 3892 per
1845 3827 2021 3876 CXX.
2073 3827 2331 3877 Nimirum
2362 3827 2576 3889 accepit

1506 3909 1746 3959 librarius
1783 3907 2090 3972 particulam
2123 3920 2227 3969 per,
2266 3905 2573 3968 compendio

1505 3986 1774 4049 scriptam,
1796 3998 1891 4047 pro
1905 3997 2144 4046 munaum.
2180 3981 2346 4032 Idem.

1571 4061 1904 4125 Altinumque]
1936 4060 2015 4109 Ex
2037 4058 2187 4121 hnjus
2212 4057 2393 4121 oppidi
2411 4057 2572 4107 ruinis

1462 4142 1466 4146 '
1508 4135 1818 4188 aedificatum
1877 4141 1959 4184 est
2015 4133 2264 4196 oppidum
2314 4134 2573 4187 Tot-cello,

1509 4213 1738 4265 Martial.
1763 4212 1780 4239 ‘
1806 4210 2008 4261 AEmula
2046 4210 2259 4259 Baianis
2282 4209 2448 4259 Altini
2489 4211 2572 4259 lit-

1509 4298 1624 4341 tora
1661 4286 1829 4339 villis.'
1901 4285 2013 4350 Syli
2044 4283 2201 4335 fluvio
2225 4285 2570 4352 propinquum
