3000 4917
869 382 1295 429 NAT.·ms'r.
1345 381 1489 429 Lis.
1541 380 1830 430 xxxvi.
1879 369 1986 435 66.
2349 370 2523 435 21779

411 540 560 588 axv
576 528 626 590 1.'
680 523 878 602 Mox,
911 533 987 588 ut
1018 534 1124 589 est
1148 524 1491 606 ingeniosa
1520 526 1835 603 solertia,¹
1884 528 2017 590 non
2047 526 2170 590 fuit
2198 535 2519 594 contenta

311 627 554 690 nitrum
601 628 992 713 miscuisse:
1036 631 1303 708 'coeptus
1334 625 1489 689 addi
1543 632 1607 689 et
1637 647 1905 717 magnes
1938 628 2153 709 lapis.
2203 632 2520 711 qnoniam

313 728 388 790 in
442 749 516 791 se
563 709 888 812 liquorem
938 729 1088 792 vitri
1132 747 1420 811 quoque,
1469 735 1539 791 ut
1578 731 1843 803 serrum,
1894 730 2156 793 trahere
2210 733 2520 797 creditur.

315 828 541 893 Simili
576 830 772 892 modo
806 838 877 892 et
909 830 1155 894 calculi
1198 829 1633 911 splendentes
1679 830 2105 894 multifariam
2139 835 2350 915 ccepti
2383 836 2518 897 uri·

313 929 557 994 deinde
578 931 881 1017 conchae,
912 938 978 994 et
1009 931 1286 994 fossiles
1319 951 1558 995 arenae.
1644 931 1975 997 Auctores
2007 941 2183 1011 sunt,
2215 937 2281 998 in
2315 935 2519 999 India

314 1051 353 1093 e
385 1033 712 1115 crystallo
744 1034 958 1096 fracta
986 1035 1150 1110 fieri,
1191 1040 1260 1097 et
1299 1035 1389 1096 ob
1432 1033 1501 1096 id
1553 1033 1801 1112 nullum
1836 1039 2206 1118 comparari
2255 1036 2516 1101 Indico·

317 1134 618 1198 Levibus
664 1141 883 1199 antem
932 1137 1273 1219 aridisque
1317 1136 1514 1216 lignis
1546 1138 1875 1219 coquitur,
1909 1137 2139 1200 addito
2171 1135 2513 1220 Cypri0,2j

315 1258 403 1303 ac
430 1239 626 1315 nitro,
650 1242 939 1304 maxime
966 1239 1301 1322 Ophirio.³
1325 1236 1349 1272 k
1440 1236 1831 1302 Continuis¹
1859 1238 2267 1317 fornacibuS‚
2292 1248 2370 1303 ut
2397 1261 2516 1319 aeS‚

310 1340 635 1425 liquatur,
668 1361 1044 1424 massaeque
1077 1340 1242 1404 finnt
1269 1339 1493 1403 colore
1523 1340 1755 1423 pingui
1790 1342 2243 1422 nigricantes.4
2314 1343 2522 1406 Acies

306 1445 503 1506 'tanta
523 1450 625 1507 est
651 1450 1140 1526 quacumque‚¹¹¹
1183 1449 1256 1506 ut
1295 1443 1460 1506 citra
1491 1443 1700 1506 ullum
1734 1463 1999 1506 sensum
2046 1443 2134 1506 ad
2179 1462 2335 1508 ossa
2365 1463 2523 1508 con-

312 1552 525 1619 secet,
578 1545 895 1629 quicquid
953 1544 1276 1611 afflaverit
1299 1553 1318 1588 ⁵
1368 1546 1691 1627 corporis.
1780 1544 1889 1608 Ex
1951 1545 2241 1606 massis¹²
2287 1564 2519 1608 rursus

313 1646 618 1712 funditur
645 1648 710 1711 in
744 1646 1049 1722 officinis,
1082 1647 1562 1728 tinguiturque.
1620 1645 1709 1709 Et
1738 1645 1921 1710 aliud
1945 1646 2108 1710 flatu
2128 1654 2153 1682 ⁰
2183 1646 2519 1729 figuratur,

317 1748 502 1812 aliud
536 1758 775 1814 tornop
818 1749 1065 1826 teritur,
1095 1747 1276 1811 aliud
1328 1747 1623 1828 argenti‘l
1667 1747 1872 1811 modo
1924 1748 2226 1826 caelatur,
2269 1748 2517 1812 Sidone

1237 1909 1600 1931 OmmO‘N‘

386 2026 523 2075 CAP.
551 2040 701 2077 var.
768 2032 790 2076 1
830 2028 954 2077 ‘Ita
976 2027 1110 2076 bene
1133 2026 1249 2076 cod.
1285 2028 1414 2087 Reg.
1437 2031 1489 2076 2.
1533 2041 1629 2075 nec
1664 2026 1819 2077 aliter
1855 2025 2084 2076 Isidorus
2108 2026 2254 2089 Orig.
2278 2041 2397 2077 xvi.
2425 2028 2520 2078 15.’

321 2092 543 2140 Brotier.
618 2098 674 2140 ut
695 2097 765 2141 est
784 2097 946 2140 astuta
978 2097 1027 2141 et
1062 2091 1306 2152 ingeniosa
1329 2092 1526 2153 solertia
1563 2091 1631 2141 al.
1670 2102 1792 2139 ante
1828 2092 2053 2139 Brotier.
2056 2095 2201 2141 —2‘
2222 2093 2303 2140 Ita
2342 2092 2518 2142 Editio

320 2157 565 2219 princeps
589 2156 826 2220 aliaeque.
892 2157 956 2206 In
980 2157 1110 2211 Mss.
1133 2158 1261 2216 Reg-
1282 2156 1447 2205 addito
1468 2157 1646 2219 Cypro.
1710 2155 1945 2205 Isidorus
1966 2172 2126 2232 cupro.
2189 2157 2346 2209 Certe
2371 2158 2521 2206 intel·

317 2218 585 2283 ligendum
617 2230 716 2280 est,
751 2222 915 2270 addito
936 2236 1030 2270 oere
1067 2219 1285 2284 Cyprio!
1309 2221 1537 2269 Brotier.
1603 2220 1767 2269 addito
1800 2235 1895 2269 oere
1930 2221 2107 2284 Cyprio
2124 2221 2244 2268 Vct.
2270 2223 2521 2271 Balce.—

320 2289 352 2334 3
384 2286 401 2313 ‘
420 2283 642 2334 Maxime
667 2286 889 2350 Ophir-in]
912 2285 1041 2333 Haec
1063 2286 1351 2334 redundare
1369 2284 1627 2333 videntur.
1693 2286 1852 2333 Certe
1875 2300 1937 2332 ea
1960 2299 2061 2333 uon
2087 2285 2244 2335 habet
2270 2285 2521 2334 Isidorus.

320 2350 592 2398 Tentabat
615 2351 845 2398 eruditus
885 2349 1204 2406 Harduinus,
1241 2350 1450 2399 maxime
1471 2348 1764 2412 aphronitro.
1794 2349 1875 2396 vel
1915 2350 2181 2412 Ophryuio,
2221 2348 2287 2398 ab
2326 2350 2521 2413 oppido

320 2414 560 2472 Troadis,
583 2415 732 2476 cujus
755 2414 985 2463 meminit
1011 2414 1200 2462 Strabo
1223 2414 1315 2462 hb
1343 2426 1472 2463 xur-
1495 2427 1617 2477 pag.
1646 2411 1782 2460 595.’
1805 2414 2017 2461 Brotier.
2082 2415 2211 2462 nitro
2232 2429 2289 2463 ac
2313 2415 2520 2463 maxime
2571 2456 2579 2461 ,

328 2478 536 2542 Ophirio
555 2479 669 2527 cod.
704 2480 890 2528 Dalec.
897 2482 991 2528 -4
1024 2478 1156 2528 Cod.
1186 2479 1368 2528 Dalec.
1403 2479 1556 2528 colore
1589 2476 1886 2538 nigricantea
1902 2478 2119 2541 pingues·
2106 2484 2215 2526 .--5
2253 2479 2375 2528 Vet.
2409 2480 2521 2529 Da·

1313 2618 1529 2671 No'rAE

322 2700 404 2831 ’,υἱ
433 2716 830 2779 Levibusautem]
855 2716 1081 2767 Isidorus
1098 2717 1380 2778 erig-xvi-

381 2856 400 2900 i
431 2857 616 2907 Addita
647 2857 848 2921 Cyprio]
884 2858 1001 2907 Hoe
1024 2864 1126 2917 est,
1151 2870 1255 2905 aere
1280 2855 1382 2919 Cy-

320 2935 457 3000 prio.
491 2933 739 2995 Isidorus,
759 2933 923 2981 addito
942 2947 1098 2995 cupro.

388 3012 412 3046 ¹¹
452 3012 669 3064 Maxime
717 3011 943 3073 Ophir-io]
976 3010 1106 3061 Mss.
1138 3009 1294 3073 Ofirio
1329 3014 1383 3059 et

326 3091 518 3156 Offirio.
585 3088 722 3141 Quid
755 3089 798 3137 si
824 3086 1087 3151 Ophrynio,
1112 3087 1177 3136 ab
1193 3085 1386 3149 oppido

319 3167 542 3219 Troadis
565 3165 888 3228 cognomine,
924 3165 1069 3228 cujus
1104 3163 1386 3212 meminere

319 3244 513 3297 Strabo
550 3242 645 3292 lib.
685 3254 817 3291 1111.
862 3256 979 3303 pag.
1022 3244 1138 3288 595.
1181 3239 1386 3299 Harpo-

322 3319 551 3375 cration,
568 3318 788 3382 aliique?
812 3317 949 3371 Quid
968 3320 1011 3365 si
1031 3317 1204 3379 potins
1219 3315 1387 3380 aphro

320 3391 493 3445 nitro?

389 3471 404 3504 ¹
441 3469 718 3532 Continuis]
770 3469 858 3519 Sic
892 3467 1125 3517 Isidorus
1168 3465 1384 3517 totidem

322 3546 520 3598 verbis.
570 3546 813 3595 Vitrariis
834 3545 946 3593 aliis
965 3545 1116 3594 hodie
1141 3552 1246 3594 tres
1269 3550 1387 3595 sunt

321 3622 584 3683 fornaces,
621 3621 732 3670 aliis
763 3621 897 3676 duae,
917 3621 1032 3669 aliis
1071 3635 1189 3668 uns.
1256 3621 1385 3671 Qui-

323 3699 423 3751 bus
444 3704 570 3756 tres,
606 3698 653 3746 hi
682 3698 733 3746 in
769 3697 933 3760 prima
953 3704 1182 3760 coquunt
1221 3706 1385 3747 mate·

325 3777 477 3837 riam,
497 3775 549 3822 in
571 3774 799 3822 secunda
829 3780 1134 3836 recoquunt,
1155 3771 1206 3819 in
1224 3771 1386 3821 ‘tertia

325 3850 638 3912 refrigerant
681 3850 852 3900 vitrea
909 3863 1051 3910 vasa,
1107 3856 1386 3908 ceteraque

325 3940 490 3990 opera
513 3925 803 3974 candentia.
836 3922 1084 3988 Agricola
1098 3923 1162 3973 de
1183 3924 1257 3977 Re
1275 3924 1387 3977 Me·

329 4003 438 4052 tall.
465 4006 651 4064 p.47l.
723 3998 727 4003 ’
1220 4034 1225 4039 -

392 4088 429 4113 ¹¹¹
468 4077 794 4140 Quacumque]
865 4077 1204 4138 Quocumque
1264 4076 1386 4142 qnid

297 4194 303 4205 .
329 4170 512 4206 massae
540 4155 660 4204 vitri
682 4153 932 4203 ferventis
952 4151 1209 4205 inciderit.

393 4239 420 4266 ¹¹
453 4232 540 4281 Ex
562 4227 756 4293 massis]
795 4228 1026 4281 Isidorus
1046 4229 1146 4280 loc.
1165 4228 1258 4294 eit.

1526 2724 1550 2751 ⁰
1588 2717 1654 2767 Er
1674 2716 1805 2766 aliud
1816 2715 1971 2779 flatu]
1990 2714 2082 2764 Uti
2102 2728 2237 2765 nune
2260 2714 2418 2765 moris
2439 2721 2523 2764 est

1462 2791 1514 2840 in
1542 2792 1786 2840 viti-ariis.

1525 2876 1551 2909 Ρ
1585 2867 1730 2916 Aliud
1752 2866 1913 2929 torno]
1948 2865 2063 2913 Hoc
2080 2865 2235 2913 olim·
2270 2878 2403 2913 nunc
2432 2864 2521 2912 ob-

1461 2943 1666 2990 mutuit.
1732 2942 1906 2989 Turno
1940 2938 2146 2987 formati
2178 2939 2367 2987 calices
2394 2952 2424 2985 e
2447 2939 2523 2986 vi·

1464 3023 1564 3076 tro,
1605 3016 1825 3063 audaces
1869 3013 2194 3074 dicebantur,
2226 3021 2288 3064 et
2332 3013 2523 3076 plebeii

1464 3099 1640 3143 tamen
1660 3098 1828 3151 erant,
1844 3099 1899 3140 et
1919 3105 2080 3153 parvo
2096 3089 2358 3141 venibant.
2383 3091 2523 3140 Mar-

1466 3167 1603 3217 tialis
1621 3179 1738 3217 xiv,
1758 3170 1842 3217 94.
1875 3166 2023 3229 cnjus
2049 3167 2254 3226 lemma,
2287 3171 2303 3193 ‘
2321 3166 2523 3219 Calices

1467 3243 1694 3295 audaces
1718 3258 1732 3291 z
1752 3241 1767 3263 ’
1801 3249 1815 3270 ‘
1837 3241 1944 3293 Nos
1965 3255 2139 3291 suimus
2180 3241 2392 3290 audacis
2415 3242 2522 3304 ple·

1469 3321 1589 3371 beia
1611 3321 1896 3370 toreumata
1936 3317 2078 3377 vitri,
2120 3317 2310 3367 Nostra
2331 3330 2424 3369 nec
2445 3333 2523 3367 ar·

1376 3431 1383 3439 .
1469 3395 1612 3444 denti
1635 3408 1833 3458 gemma
1847 3392 2044 3442 feritur
2062 3391 2233 3457 aqua!

1476 3502 1481 3503 ν
1531 3483 1556 3517 ‘1
1587 3474 1740 3525 Aliud
1759 3473 1975 3536 argenti]
2013 3471 2227 3523 Achillis
2249 3472 2427 3522 Tatius
2458 3473 2523 3520 de

1470 3550 1750 3599 Amoribus
1804 3549 2159 3612 ·Clitophontis
2201 3557 2255 3598 et
2302 3548 2524 3611 Leucip-

1467 3641 1578 3690 pes‚
1615 3626 1708 3675 lib.
1745 3639 1809 3673 u.
1843 3626 2085 3686 poculum
2109 3638 2138 3672 e
2172 3624 2307 3675 vitro
2338 3625 2524 3673 eaelato

1466 3702 1714 3753 describit
1731 3717 1748 3750 ι
1783 3701 2005 3765 Κρατῆρα
2025 3697 2285 3763 παρέθηκεν
2304 3699 2424 3759 μετὰ
2440 3698 2527 3748 τὸν

1466 3777 1680 3828 Γλαύκου
1699 3779 1786 3826 τοῦ
1815 3775 1934 3832 Χίου
1964 3775 2196 3838 δεύτερσν·
2241 3773 2387 3825 ὑάλου
2420 3775 2527 3836 μέν·

1465 3872 1541 3905 τοι
1561 3856 1656 3903 πᾶν
1689 3852 1830 3914 ἔργον
1866 3848 2203 3914 ὂρωρυγμένης,
2222 3867 2268 3898 κ.
2285 3867 2333 3900 τ.
2357 3859 2411 3903 λ.
2459 3851 2524 3925 In

1468 3929 1748 3992 scalpendo
1771 3941 1927 3990 porro
1950 3926 2272 3987 caelandove,
2293 3940 2360 3988 ne
2385 3925 2525 3976 fran-

1469 4016 1716 4068 gerentur
1759 4006 1913 4064 vitra,
1956 4017 2143 4066 magna
2182 4001 2354 4053 canutio
2388 4000 2523 4051 fnit:

1472 4096 1607 4138 nam,
1647 4079 1936 4133 ut.cecinit
1973 4078 2231 4128 Martialis
2265 4083 2525 4129 xiv-115⁴.

1468 4159 1614 4221 cujus
1637 4157 1841 4211 lemma.
1862 4156 1879 4185 ⁸
1901 4154 2104 4205 Calices
2125 4152 2276 4205 vitrei
2296 4151 2334 4201 ε’
2366 4155 2382 4181 ‘
2398 4153 2526 4203 Qui-

1468 4233 1566 4285 bus
1588 4231 1783 4287 addere
1801 4231 1955 4296 plura
1976 4231 2112 4284 Dum
2127 4228 2295 4293 eupit,
2319 4227 2383 4279 ah
2406 4239 2529 4293 quo·
