3000 4917
857 393 1035 441 NA'r.
1081 393 1279 441 Hls'r.
1332 395 1479 442 [ΑΒ.
1530 394 1851 445 ΧΧΧν-ιι.
1895 383 2002 447 31.
2357 387 2554 452 4845

407 550 617 603 ΧΧΧ.
665 535 828 604 Hoc
853 538 1031 603 idem
1059 545 1128 603 et
1158 537 1703 606 Carchedonius?
1743 541 1965 607 facere
2007 545 2271 624 dicitur,
2320 567 2532 630 quan-

315 658 524 720 quam
570 641 786 709 multo
818 641 1015 705 vilior
1045 642 1405 724 praedictis.
1500 642 1834 709 Nascitur
1877 648 2056 729 apud
2101 648 2529 714 Nasamonas

310 742 383 806 in
417 745 781 821 montibuS‚
818 750 887 808 ut
914 745 1162 810 incolae
1193 751 1456 829 putant,
1481 747 1693 811 imbre
1722 749 1973 812 divino.
2062 749 2412 827 Invenitur
2440 755 2530 819 ad

308 864 785 928 repercussum
819 848 1058 924 Lunae,
1091 848 1385 911 maxime
1416 850 1652 931 plenae.
1699 849 2166 933 Carthaginem
2198 855 2531 937 quondam

309 946 815 1029 deportabatur.
902 947 1284 1013 Archelaus
1310 959 1380 1014 et
1410 951 1475 1013 in
1509 951 1810 1035 AEgypto
1843 953 2021 1017 circa
2039 954 2314 1019 Thebas
2338 952 2528 1020 nasci

308 1051 545 1128 tradit,
578 1051 870 1134 fragiles,
926 1071 1240 1130 venosaS,
1272 1054 1715 1118 morientibus
1746 1057 2154 1121 carbonibus
2177 1067 2195 1095 ¹
2245 1059 2527 1122 similes.

310 1151 605 1218 Potoria
635 1174 798 1218 vasa
848 1163 920 1218 et
973 1174 1062 1218 ex
1093 1154 1225 1225 hoc
1246 1154 1501 1238 lapide,
1532 1163 1598 1221 et
1627 1175 1718 1220 ex
1748 1157 2046 1242 lychnite
2074 1159 2382 1241 factitata
2430 1161 2527 1223 in-

311 1254 537 1318 venio.
627 1255 878 1321 Omnia
901 1265 1132 1321 autem
1161 1255 1312 1320 haec
1330 1263 1352 1292 ⁸
1384 1276 1631 1339 genera
1654 1259 2015 1343 scalpturae
2044 1263 2528 1327 contumaciter

307 1358 664 1432 resistunt,
690 1365 1086 1443 partemque
1116 1380 1288 1425 cerae
1320 1361 1388 1424 in
1422 1363 1616 1442 signo
1645 1368 1894 1426 tenent.
1897 1369 1923 1398 ²

404 1475 648 1522 xxxi.
693 1460 755 1522 E
775 1460 1041 1526 diverso
1066 1462 1149 1526 ad
1181 1459 1314 1526 hoc
1338 1469 1357 1500 ¹
1382 1469 1408 1496 ⁸
1456 1461 1655 1527 sarda
1686 1463 2069 1542 utilissima,
2103 1486 2257 1550 quae
2281 1486 2525 1532 nomen

312 1581 468 1626 cum
514 1562 933 1647 sardonyche
981 1565 1525 1629 communicavit.
1614 1565 1786 1649 Ipsa
1816 1586 2077 1648 gemma
2109 1569 2425 1651 vulgariS‚
2457 1576 2527 1634 et

312 1665 602 1747 primum
633 1665 964 1730 Sardibus
984 1665 1009 1702 b
1053 1673 1338 1753 reperta,
1371 1668 1489 1731 sed
1520 1667 1983 1733 laudatissima
2007 1670 2206 1735 ‘circa
2232 1672 2524 1756 Babylo-

310 1765 521 1840 niam,
552 1786 703 1830 cum
726 1760 1157 1852 lapicidiziae⁰
1188 1768 1495 1852 quaedam
1521 1770 1951 1852 aperirentur,
1970 1772 2231 1837 haerens
2252 1776 2319 1837 in
2352 1793 2525 1837 saxo

311 1868 546 1932 cordis
577 1869 803 1935 modo.
898 1871 1056 1935 Hoc
1085 1870 1434 1935 metallum
1456 1879 1480 1907 ²
1529 1871 1715 1955 apud
1747 1873 2000 1937 Persas
2033 1874 2364 1939 defecisse
2395 1881 2525 1939 tra-

311 1969 517 2034 ditur.
605 1971 740 2035 Sed
779 1973 1203 2038 inveniuntur
1255 1974 1712 2056 compluribus
1759 1975 1912 2039 aliis
1970 1976 2168 2054 lociS‚
2228 1977 2411 2041 sicut
2457 1978 2525 2040 in

309 2071 494 2136 Paro
517 2081 537 2119 ³
569 2080 639 2138 et
665 2072 902 2139 Asso.d
990 2076 1074 2139 In
1107 2074 1308 2140 India
1330 2079 1522 2140 trium
1548 2097 1894 2160 generum:
1918 2080 2203 2156 rubrum,
2239 2085 2309 2143 et
2336 2081 2521 2163 quod

309 2176 664 2265 dionium.4
697 2185 945 2243 vocant
975 2198 1018 2243 a
1041 2179 1500 2262 magnitudine
1527 2200 1542 2240 ε
1566 2187 1589 2226 ⁵
1614 2188 1637 2216 θ
1682 2181 1946 2244 tertium
1974 2166 2538 2264 quodargenteis

1224 2345 1282 2366 00
1286 2346 1589 2366 “MN“

358 2443 520 2493 ΟΛΡ.
536 2457 692 2494 ΧΧΧ.
761 2449 785 2493 l
824 2444 912 2494 Ita
950 2445 1100 2495 codd.
1137 2446 1395 2495 Hardnini
1421 2452 1478 2495 et
1512 2448 1701 2496 Dalec.
1739 2445 1977 2494 tradidit.
2033 2446 2291 2495 .morienti
2333 2446 2524 2495 carboni

308 2507 547 2559 Gronov.
567 2513 623 2557 et
644 2510 708 2559 al.
736 2515 857 2558 ante
882 2511 1136 2560 Harduin.
1141 2516 1237 2561 —2
1279 2513 1477 2560 Fuxen.
1513 2512 1765 2560 retinent.
2439 2512 2446 2521 '
2487 2512 2496 2539 '¹

383 2574 521 2622 cn».
546 2587 709 2624 ΧΧΧι.
746 2579 770 2623 1
793 2573 876 2623 Ita
890 2577 1086 2625 Fuxen.
1124 2577 1170 2624 E
1184 2577 1369 2625 diverso
1383 2580 1444 2625 ad
1461 2578 1561 2625 Ιιώσ
1574 2577 1807 2625 Gronov.
1821 2582 1875 2625 et
1895 2575 2066 2638 vulgg.
2070 2580 2164 2625 -2
2185 2576 2270 2624 Ita
2286 2588 2350 2622 ex
2371 2575 2524 2624 codd.

307 2639 504 2688 Dalec.
519 2647 575 2688 et
593 2640 793 2687 anen.
829 2640 882 2688 in
898 2641 1008 2688 saxi
1027 2643 1182 2690 corde.
1218 2642 1418 2704 Hocque
1432 2643 1566 2689 modo
1583 2642 1822 2689 metallum
1842 2641 2073 2689 Gronov.
2093 2649 2145 2688 et
2164 2643 2231 2688 al.
2248 2648 2369 2688 ante
2385 2640 2525 2688 Har-

309 2703 459 2753 duin.
462 2707 554 2752 -3
584 2704 796 2788 Ephyra
798 2705 912 2753 cod.
934 2707 1122 2754 Dalec.
1151 2707 1330 2768 Ephiro
1348 2708 1547 2754 anen.
1552 2705 1685 2753 -4‘
1709 2706 1794 2754 Ita
1818 2705 1970 2753 codd.
1996 2706 2160 2767 Regg.
2183 2709 2231 2752 2.
2254 2709 2301 2754 3.
2323 2710 2372 2753 5.
2394 2709 2443 2752 6.
2468 2709 2525 2751 et

309 2768 492 2816 Editio
513 2769 777 2831 princeps.
782 2767 1029 2819 ’Bt-otier·
1074 2771 1159 2819 Ita
1173 2786 1376 2835 quoque
1394 2771 1553 2820 codd.
1575 2771 1755 2819 Dalec.
1775 2775 1831 2818 et
1849 2771 2044 2818 Fuxen.
2069 2770 2272 2818 demtum
2290 2769 2525 2819 Gronov

308 2837 370 2881 et
385 2834 563 2896 vulg,³
598 2835 919 2884 dionumedd.
942 2835 1202 2885 Harduin.
1224 2841 1270 2886 1.
1287 2840 1335 2885 2.
1354 2841 1403 2886 8.
1431 2837 1624 2885 Miller.
1639 2836 1850 2899 Bipont.
1872 2841 1928 2884 et
1945 2835 2131 2885 Franz.
2136 2833 2270 2883 -5‘
2291 2834 2379 2884 Ita
2397 2835 2524 2883 Mss.

1310 2965 1526 3017 NOTAE

379 3069 400 3093 Υ
410 3060 545 3109 Hoc
565 3061 692 3111 idem
713 3067 761 3112 et
791 3063 1162 3127 Carchedonius]
1219 3064 1380 3127 Supe-
1460 3064 1560 3112 hoc
1584 3070 1682 3124 est,
1708 3062 1771 3111 ad
1799 3070 2091 3126 utrumque,
2107 3061 2171 3110 ad
2190 3061 2524 3123 sculpturam,
2523 3082 2535 3095 ι

311 3138 449 3185 rins
459 3138 571 3199 jam
610 3139 780 3188 obiter
822 3140 1102 3202 indicatus,
1139 3155 1257 3203 cap.
1299 3144 1381 3189 25.
1461 3146 1517 3186 et
1535 3139 1600 3188 ad
1618 3140 1855 3203 signum·
1882 3139 2120 3204 quoniam
2141 3153 2238 3186 nec
2258 3135 2525 3198 εἰιᾶγλυπ

310 3213 725 3263 ‘Garamantici
771 3215 1090 3277 carbunculi,
1143 3230 1270 3281 quos
1325 3222 1382 3264 et
1458 3233 1562 3278 τος,
1587 3231 1684 3266 nec
1708 3231 1879 3265 ceram
1903 3217 1956 3264 in
1979 3217 2125 3276 signo
2147 3206 2375 3264 auferat.
2408 3216 2528 3263 Sar·

314 3287 706 3339 Carchedonios
749 3299 956 3353 vocant,
997 3298 1213 3356 propter
1253 3307 1378 3355 opu·
1461 3291 1578 3340 dam
1594 3300 1865 3341 nostrates
1890 3298 2101 3347 vocant,
2126 3291 2395 3339 Cornaline.

309 3366 530 3415 lentiam
556 3367 885 3430 Carthaginis
903 3383 1120 3431 magnae,
1125 3365 1261 3433 'qno
1279 3368 1382 3417 sci·
1525 3367 1549 3402 ¹³
1590 3367 1852 3430 Sardibus]
1907 3367 1972 3416 In
2019 3366 2202 3430 Lydia.
2279 3367 2434 3416 Nunc
2473 3367 2525 3414 in

308 3443 440 3492 licet
462 3443 894 3506 deportabantur,
915 3453 972 3493 ut
997 3459 1115 3507 mox
1139 3444 1255 3508 ipse
1267 3445 1379 3508 Pli-
1460 3443 1702 3494 Sardinia
1721 3444 1899 3508 probae
1917 3450 2055 3493 notae
2071 3443 2290 3506 reperiri
2311 3443 2528 3490 Kirche-

311 3520 432 3569 nius
473 3519 702 3582 subjicit.
769 3520 927 3569 Nunc
971 3529 1160 3570 vocant
1186 3556 1195 3563 .
1218 3523 1393 3570 ealce-2
1462 3536 1547 3570 rus
1579 3529 1760 3571 noster
1796 3519 2038 3582 affirmat,
2073 3519 2258 3569 Mundi
2293 3512 2527 3567 Subter'r.

309 3598 468 3656 deine.
504 3636 513 3641 .
538 3597 771 3646 Isidorus
815 3599 924 3647 haec
964 3596 1161 3646 iisdem.
1191 3598 1382 3662 verbis,
1457 3598 1552 3649 lib.
1576 3612 1704 3648 vm.
1728 3613 1782 3661 p.
1804 3602 1887 3647 81.

313 3676 467 3737 Orig.
515 3688 640 3723 xvr.
679 3679 762 3723 13.
796 3673 1235 3730 ‘Carchedonius,
1284 3676 1382 3725 hoc
1522 3683 1545 3708 ⁰
1582 3677 1703 3724 Cum
1724 3673 2022 3737 lapicidinae]
2042 3671 2306 3732 Theopbr.
2328 3669 2434 3731 περὶ
2454 3668 2527 3716 λέ·

313 3752 458 3816 quod
518 3759 574 3799 et
616 3750 876 3813 lychnites
933 3747 1114 3797 facere
1170 3749 1381 3813 dicitur,
1460 3754 1570 3811 θων,
1600 3765 1718 3813 pag.
1744 3754 1794 3799 7.
1829 3748 2110 3811 Rupta-neema
2145 3745 2196 3795 δὲ
2224 3744 2386 3794 καὶτὸ
2411 3743 2525 3807 σάρ-

312 3843 608 3894 quanquam
651 3822 868 3876 multum
910 3826 1059 3874 vilior
1099 3825 1383 3887 praedictis.
1462 3829 1560 3876 διον
1579 3826 1951 3886 διακοπτομένων
1968 3827 2067 3873 τῶν
2085 3825 2284 3885 πετρῶν.

314 3906 569 3956 Nascitur
595 3904 731 3967 apud
757 3900 1116 3963 Nasamonas‚’
1140 3900 1236 3951 διο.
1315 3902 1319 3909 ’
1528 3901 1552 3935 ‘¹
1585 3903 1652 3950 In
1670 3903 1802 3950 Paro
1821 3906 1870 3950 et
1892 3901 2037 3962 Asso]
2081 3900 2214 3949 -Hoc
2246 3914 2274 3947 a
2300 3898 2524 3948 Gelenio

378 3982 612 4030 “Omnia
631 3984 788 4030 autem
809 3979 932 4042 haec]
974 3979 1205 4028 Isidorus
1229 3979 1379 4042 Orig.
1463 3986 1563 4027 est.
1634 3978 1760 4026 Mss.
1785 3991 1982 4033 omues,
2010 3976 2070 4025 In
2096 3976 2293 4039 Ephiro.
2367 3975 2447 4022 Αιι
2470 3976 2526 4022 in

315 4073 439 4108 xvt.
466 4063 549 4108 13.
1463 4054 1649 4118 Epiro?
1714 4054 1841 4102 Mox
1880 4061 2024 4102 certe
2056 4052 2309 4116 sequitur,
2331 4050 2525 4100 Inveni-

324 4169 333 4177 -
380 4144 404 4170 ⁸
439 4136 487 4183 E
507 4135 696 4183 diverso
715 4136 778 4182 ad
796 4134 904 4197 hoc]
956 4132 1036 4182 Ad
1058 4133 1259 4195 signum
1284 4132 1382 4180 sci·
1460 4137 1609 4181 natur
1629 4136 1677 4179 et
1697 4132 1824 4179 circa
1845 4130 2067 4181 Leucada
2090 4129 2262 4191 Epiri.»

314 4216 463 4276 licet,
485 4212 625 4277 quod
659 4225 832 4260 ceram
868 4211 939 4258 in
952 4209 1199 4272 signando
1228 4208 1383 4257 sarda
1527 4209 1668 4265 egEt-
1690 4208 1814 4269 quod
1843 4206 2057 4255 dianium
2078 4205 2316 4268 [dionunt]
2337 4211 2523 4266 vocant,

314 4305 420 4342 non
445 4289 691 4341 retineat·
725 4288 813 4339 Ita
827 4287 959 4337 Mss.
1010 4286 1382 4351 mumdum,
1461 4302 1492 4335 a
1529 4284 1884 4349 magnitudine]
1930 4283 2109 4351 Secuti
2143 4282 2300 4333 fidem
2340 4295 2526 4331 eorun-
