3000 4917
459 369 636 436 4920
1443 381 1695 430 INDEX

459 527 776 579 Scholiastes
802 525 1062 591 Apollonii
1083 525 1148 576 ad
1172 534 1235 575 ιι.
1259 529 1404 575 1017.
1468 524 1611 575 Asiae
1637 524 1906 588 Periplum
1931 523 2338 588 Harpocration,
2357 525 2522 574 verbo
2537 522 2668 576 Σκιάὶ
2722 518 2730 526 ’

460 611 621 659 rodes.
688 607 899 657 Librum
925 608 1141 670 primum
1165 607 1232 656 de
1255 605 1576 656 Fluminibus
1592 604 1904 654 Plutarchus
1928 603 1995 654 de
2012 604 2179 655 Flum.
2195 619 2248 668 p.
2272 609 2419 654 1160.
2455 603 2667 655 Librum

463 691 530 740 de
552 690 788 738 Tributis
813 687 952 738 Asiae
976 686 1263 737 Atlienaeus
1281 687 1372 736 lib.
1396 699 1452 735 x.
1474 700 1529 749 p.
1546 690 1661 736 442.

532 770 678 819 Curio
700 771 870 836 Pater.
938 769 1186 818 Actiones
1208 768 1447 817 Curionis
1466 767 1649 829 patris,
1670 765 1858 831 quibus
1878 765 2103 816 Caesaris
2126 764 2311 814 famam
2332 766 2668 829 perstrinxit,

461 849 741 900 Suetonius
779 856 1148 899 commemorat
1182 848 1234 896 iu
1267 848 1408 899 Julio
1441 847 1653 897 Caesare
1683 860 1731 895 c.
1752 850 1837 896 49.
1873 860 1927 909 p.
1946 849 1997 894 9.
2064 846 2308 896 Curionis
2342 845 2440 896 tilii
2482 847 2668 897 Cicero

464 930 702 1001 meminit
724 929 789 979 ad
815 929 930 980 Att.
948 943 1013 981 ιι.
1037 934 1120 980 24.
1144 944 1196 993 p.
1217 933 1301 978 72.

1536 1121 1607 1169 D.

528 1254 711 1305 Dalion
745 1255 1000 1305 Medicus.
1065 1252 1214 1303 Idem
1237 1252 1491 1314 fortassis,
1525 1251 1609 1319 qui
1651 1250 1844 1315 primus
1871 1251 1923 1300 iu
1946 1251 2267 1315 AEthiopiam
2290 1252 2428 1301 nitra
2450 1250 2671 1300 Meroen

464 1336 744 1391 subvectus
766 1336 960 1386 dicitur
979 1349 1058 1385 vi.
1086 1340 1167 1384 35.
1203 1349 1264 1384 ac
1289 1334 1355 1384 de
1380 1333 1534 1384 rebus
1570 1333 1874 1397 AEthiopicis
1898 1333 2064 1383 multa
2085 1332 2397 1397 prodidisse.
2469 1330 2671 1381 Herba·

464 1416 596 1465 rium
625 1417 823 1466 Plinius
845 1418 1099 1479 appellat,
1117 1429 1213 1465 xx.
1234 1419 1318 1465 73.

527 1497 803 1546 Damastes.
836 1495 1115 1558 Δαμάστης,
1140 1497 1403 1560 Sigeensis
1424 1509 1488 1544 ex
1512 1495 1667 1557 Sigeo
1681 1493 1899 1544 Troadis
1922 1494 2275 1558 promontorio
2289 1493 2487 1555 dictus,
2505 1493 2672 1542 Hero-

465 1577 588 1627 doto
630 1577 912 1641 σύγχρονος.
975 1577 1207 1628 Avienus
1251 1577 1318 1628 de
1351 1592 1447 1627 eo:
1479 1583 1494 1606 ⁸
1515 1577 1655 1629 Quin
1692 1583 1749 1626 et
1789 1577 2066 1626 Damastes
2100 1575 2288 1625 nobilis
2318 1581 2477 1624 natus
2509 1572 2673 1638 sige?

465 1658 572 1708 Sua
589 1674 654 1708 ex
678 1659 932 1708 Hecataeo
956 1659 1311 1720 descripsisse,
1334 1673 1396 1708 ac
1419 1658 1678 1722 periplum
1702 1656 1946 1721 edidisse,
1967 1662 2149 1706 auctor
2182 1663 2264 1706 est
2293 1654 2673 1717 Agathemerus

465 1751 504 1787 1.
529 1743 577 1787 1.
602 1752 654 1800 p.
677 1743 726 1788 2.
750 1738 814 1788 τὰ
835 1740 890 1788 ἐκ
907 1738 1262 1790 τοῢἜκατ-αίου
1282 1737 1607 1802 μεταγράψας,
1628 1737 1888 1803 περίπλουν
1901 1737 2120 1801 ἔγραψεν.
2190 1735 2376 1785 Suidas
2398 1750 2454 1799 p.
2476 1738 2596 1784 689.
2615 1741 2672 1783 et

462 1819 636 1869 Valer.
661 1820 805 1868 Max.
830 1834 960 1869 vin.
985 1824 1063 1869 13.
1086 1821 1236 1884 hujus
1261 1820 1435 1884 operis
1457 1819 1836 1869 meminerunt:
1866 1814 2106 1868 Auctoris
2127 1814 2316 1866 Strabo
2333 1815 2425 1864 lib.
2449 1829 2493 1863 1.
2518 1828 2573 1879 p.
2590 1817 2675 1863 47.

465 1906 521 1948 et
539 1899 632 1949 lib.
658 1913 776 1949 x1v.
801 1915 854 1963 p.
871 1902 987 1950 684.
1009 1907 1066 1949 et
1090 1901 1235 1950 Plut.
1260 1899 1312 1947 iu
1338 1899 1579 1959 Camillo,
1598 1913 1651 1960 p.
1678 1902 1791 1948 138.

530 1981 760 2043 Damion,
787 1981 1044 2043 Medicus,
1066 1981 1132 2030 de
1162 1980 1341 2030 Bulbis
1372 1981 1541 2045 egisse
1564 1979 1756 2030 dicitur
1779 1992 1879 2029 xx·
1898 1982 1981 2028 40.
2044 1976 2195 2027 Idem
2213 1976 2471 2040 fortassis,
2492 1975 2582 2040 qui
2605 1975 2672 2025 sb

462 2060 576 2110 aliis
601 2062 896 2124 appellatur

527 2141 716 2190 Damon
750 2142 1052 2205 Cyreuaeus,
1081 2157 1233 2207 quem
1266 2142 1332 2191 de
1368 2141 1694 2204 Philosophia
1732 2141 2003 2206 scripsisse
2037 2138 2225 2189 scimus
2259 2152 2324 2186 ex
2361 2137 2581 2188 Laertio
2618 2136 2671 2186 iu

462 2220 702 2283 Thalete,
723 2226 884 2284 p..10.
907 2237 1057 2286 quem
1080 2223 1347 2272 Medicum
1377 2223 1572 2272 Plinius
1596 2222 1900 2272 Valerianus
1924 2221 2154 2285 appellat
2175 2232 2265 2269 111.
2280 2223 2373 2268 20.
2394 2219 2487 2268 ubi
2512 2218 2672 2268 Plinii

462 2301 632 2350 nostri
669 2301 839 2351 locum
884 2303 1118 2365 proxime
1157 2317 1188 2351 a
1225 2303 1372 2352 nobis
1407 2301 1674 2352 laudatum
1720 2301 2039 2352 transcribit.
2107 2300 2231 2363 Ejus
2274 2299 2408 2348 liber
2446 2306 2669 2364 quartus

462 2379 688 2442 ’Ars-loos,
710 2382 820 2430 sive
836 2382 1087 2431 Tribuum
1109 2382 1321 2438 Atticas,
1340 2382 1517 2432 laudat
1538 2382 1729 2432 Athen.
1753 2383 1844 2449 lib.
1866 2395 1958 2431 ιιι.
1981 2397 2035 2444 p.
2058 2384 2139 2430 96.
2345 2414 2358 2421 -

527 2460 805 2511 Demetrius
849 2462 1101 2524 Physicias,
1143 2463 1403 2511 Phalereus
1440 2462 1575 2511 idem
1614 2461 2020 2524 cognominatus,
2056 2460 2402 2523 Theophrasti
2434 2460 2673 2523 auditor,

463 2537 832 2589 Alexandrinas
851 2541 1193 2590 Bibliothecae
1216 2540 1513 2603 praefectus,
1539 2540 1809 2590 Ptolemaei
1845 2540 2063 2604 Lagidoe
2086 2546 2143 2590 et
2176 2540 2509 2604 Philadelphi
2534 2547 2670 2590 tem-

464 2619 692 2682 poribus.
757 2621 955 2670 Seriem
971 2622 1080 2684 ejus
1104 2635 1317 2684 operum
1339 2620 1577 2671 Laertius
1598 2620 1811 2671 exhibet
1831 2622 1883 2670 in
1906 2621 2019 2684 ejus
2048 2621 2173 2670 Vita
2194 2620 2284 2669 lib.
2311 2634 2365 2670 V.
2386 2635 2438 2684 p.
2474 2625 2589 2670 133.
2614 2628 2671 2670 et

463 2699 648 2748 Snidas
669 2714 721 2763 p.
741 2705 856 2750 677.
922 2702 1009 2750 De
1032 2701 1363 2764 quaternario
1396 2714 1612 2749 numero
1635 2701 1735 2749 scri
1742 2707 1885 2764 ptum
1909 2702 1975 2750 ab
1998 2714 2063 2749 eo
2097 2700 2341 2764 quiddam
2367 2701 2575 2750 Plinius
2595 2702 2669 2749 ait

463 2790 679 2827 xxvlu.
701 2782 781 2827 17.
849 2778 930 2826 De
953 2779 1142 2828 statuis
1161 2779 1209 2827 ei
1228 2779 1410 2827 dicatis
1426 2778 1493 2826 ab
1513 2777 1920 2829 Atheniensibus
1939 2780 2055 2829 vide
2080 2794 2195 2843 quoe
2217 2780 2439 2829 diximus
2460 2794 2669 2833 xxxn‘.

464 2861 545 2907 12.
606 2859 759 2908 Hunc
781 2859 955 2921 potius
978 2874 1008 2908 a
1033 2858 1205 2908 Plinio
1226 2859 1552 2909 Demetrium
1576 2861 1659 2910 liic
1683 2860 1944 2924 designari
1957 2866 2185 2918 autumo,
2202 2875 2356 2925 quam
2369 2861 2668 2924 Scepsium,

462 2940 683 2989 aliumve
705 2941 995 3004 quempiam
1016 2955 1079 2989 ex
1102 2941 1165 2991 iis
1187 2953 1281 2990 xx.
1299 2941 1386 3005 qui
1409 2940 1640 3005 ejusdem
1665 2942 1887 2991 nominis
1908 2940 2068 2992 fuisse
2082 2940 2326 2990 dicuntur
2344 2941 2484 3005 apud
2511 2940 2670 2991 Laer-

463 3020 613 3070 tium.

526 3102 800 3152 Demetrius
824 3104 978 3165 alter,
998 3103 1146 3167 eujus
1164 3109 1244 3153 est
1267 3104 1462 3154 mentio
1486 3117 1687 3154 xxxv1.
1706 3109 1787 3156 17.
1803 3105 1846 3155 is
1868 3105 1987 3155 mihi
2012 3103 2219 3156 videtur
2236 3117 2347 3153 esse
2373 3104 2665 3167 Byzantius

460 3181 755 3243 historicus,
775 3184 882 3246 qui,
911 3186 986 3232 uti
1023 3184 1262 3234 Laertius
1298 3190 1539 3244 testatur,
1572 3185 1637 3233 de
1670 3185 1940 3235 Ptolemaei
1964 3192 2017 3234 et
2042 3185 2287 3235 Antiochi
2312 3185 2471 3234 rebus
2496 3185 2663 3249 gestis

466 3261 696 3324 scripsit,
713 3277 774 3311 ac
798 3262 864 3310 de
882 3263 1065 3326 Libyae
1088 3270 1246 3313 statu.

528 3341 816 3391 Democedes
836 3343 1074 3407 Medicus,
1088 3343 1164 3394 sic
1185 3343 1322 3393 enim
1341 3344 1747 3406 emendavimus,
1760 3359 1877 3393 cum
1900 3344 2039 3408 prius
2057 3344 2356 3395 Demos-tides
2377 3346 2665 3409 legeretur.

462 3422 786 3471 Crotoniates
808 3421 892 3470 hic
921 3422 1161 3472 Medicus
1197 3423 1316 3485 fuit,
1341 3425 1428 3489 qui
1463 3424 1514 3474 iu
1538 3425 1725 3489 AEgina
1748 3425 1914 3476 insula
1931 3425 2251 3477 Medicinam
2277 3429 2534 3483 exercuit,
2557 3428 2663 3476 Po·

460 3503 712 3565 lycratem
737 3501 1023 3551 Samiorum
1051 3513 1324 3566 tyrannum
1347 3506 1581 3554 curavit:
1620 3521 1651 3555 a
1673 3506 1832 3555 Dario
1856 3507 2040 3556 deiude
2076 3507 2128 3556 iu
2160 3507 2433 3557 Persidem
2469 3516 2552 3558 est
2575 3523 2664 3557 ac-

461 3583 699 3632 cersitus.
764 3583 990 3645 Scripsit
1025 3583 1209 3633 librum
1245 3584 1310 3634 de
1350 3585 1633 3636 Medicina.
1683 3587 1914 3637 Narrant
1937 3587 2037 3637 ista
2056 3588 2121 3637 de
2156 3603 2220 3637 eo
2251 3589 2440 3638 Suidas
2475 3603 2530 3652 p.
2547 3590 2662 3637 479.

459 3664 675 3715 Taetzes
698 3663 915 3713 chiliad.
952 3676 1039 3714 ιιι.
1077 3663 1217 3714 Hist.
1244 3669 1327 3715 97.
1354 3680 1428 3714 vs.
1457 3670 1573 3716 544.
1616 3666 1724 3716 Dio
1746 3667 1837 3717 lib.
1871 3680 2122 3717 xxxvnr.
2150 3683 2200 3732 p.
2223 3672 2306 3720 71.
2331 3676 2390 3718 et
2409 3675 2538 3718 aute
2568 3683 2658 3718 eos

460 3743 759 3819 Herodotus
783 3744 874 3793 lib.
896 3757 985 3794 ιιι.
1011 3748 1200 3807 prmo.
1237 3745 1320 3796 Ab
1343 3747 1421 3796 his
1443 3747 1725 3808 Δημοκήδης
1744 3755 1975 3799 vocatur.
2042 3750 2095 3798 Ν
2099 3763 2160 3798 ec
2193 3764 2306 3798 sum
2329 3751 2539 3799 nescius
2560 3758 2658 3809 Δη-

459 3823 710 3885 panariam
729 3822 986 3890 quendam
1020 3825 1086 3874 ab
1108 3816 1364 3889 Athenaeo
1393 3828 1613 3884 laudari,
1632 3829 1722 3880 lib.
1747 3843 1828 3878 tv.
1852 3845 1904 3894 p.
1931 3833 2042 3878 174.
2064 3829 2155 3879 sed
2179 3845 2330 3894 quem
2352 3830 2657 3881 historicum

459 3906 634 3968 potius
656 3920 807 3969 quam
834 3906 1096 3957 Medicum
1119 3920 1233 3956 esse
1257 3916 1526 3972 appareat.

523 3987 789 4049 -Demoeles,
823 3986 997 4036 Suidoe
1031 3989 1302 4048 Δημοκλῆς.
1353 3988 1436 4036 Ab
1476 4002 1540 4037 eo
1580 3994 1801 4051 accepta
1829 4003 1964 4051 esse,
1994 4004 2110 4053 quae
2150 3988 2353 4038 Plinius
2383 3990 2451 4039 de
2475 3990 2655 4054 Sipylo

462 4079 643 4114 eversa
667 4072 859 4122 narrat,
882 4080 944 4116 ιι.
966 4071 1049 4116 93.
1067 4068 1312 4118 discimus
1334 4083 1400 4117 ex
1421 4068 1678 4119 Strabone
1700 4068 1791 4119 lib.
1817 4082 1856 4118 1.
1884 4085 1934 4132 p.
1958 4075 2037 4119 58.

527 4146 850 4194 Democrates.
904 4146 1038 4196 Vide
1061 4147 1291 4198 Servilius
1314 4149 1641 4198 Democrates.

504 4225 826 4281 ‘Democritus
847 4224 1124 4278 Abderites
1148 4244 1178 4277 a
1197 4228 1370 4294 patria
1391 4230 1704 4294 appellatus,
1737 4243 1852 4294 quae
1884 4227 2008 4279 urbs
2041 4234 2121 4279 est
2158 4229 2412 4282 Thraciae.
2450 4230 2656 4284 Floruit
