3000 4917
511 349 684 415 4630

1241 363 1303 410 0.
1348 358 1591 410 Pmnn
1638 359 1962 408 sucum„

514 507 601 574 de
633 525 765 591 qua
790 506 919 570 hoc
946 506 1164 570 solum
1197 508 1617 580 memoratur,
1647 501 2063 585 discipulum
2096 498 2241 583 ejus
2289 497 2502 563 fuisse
2548 495 2685 561 Au-

510 610 835 674 tobulum.

597 726 760 775 xm.
807 702 1187 772 Encaustoi
1229 703 1544 787 pingendi
1593 701 1725 765 duo
1771 702 1982 765 fuisse
2031 701 2394 784 antiquitus
2444 716 2689 780 genera

510 816 794 884 constat,
828 804 1020 884 cera}
1064 804 1230 870 etin
1259 802 1510 880 ebore,¹‘
1557 800 1814 880 cestrO,¹
1858 804 1925 867 id
1960 810 2086 878 est,
2141 802 2443 877 viriculo,
2474 800 2686 862 donec

509 911 768 1002 classes
817 910 998 992 pingi
1047 927 1339 991 coepere.
1426 906 1588 971 Hoc
1642 905 2000 969 tertiumm-
2028 904 2333 980 accessit,
2376 899 2687 964 resolutis

1494 1051 1709 1105 No'rAE

574 1168 588 1204 ¹
617 1167 880 1233 Encausto]
906 1168 1206 1230 Ἐγκαυστον
1227 1167 1446 1231 pietnrae
1467 1180 1553 1230 ge·

505 1260 601 1296 nus
625 1246 816 1295 dictum
842 1245 907 1294 ab
929 1245 1144 1293 urendo.
1376 1306 1381 1307 ⁷

562 1322 579 1364 ³
617 1322 764 1384 Cera]
819 1320 936 1369 Hoc
981 1319 1198 1382 primum
1241 1318 1552 1368 encaustieae

504 1397 720 1461 picturae
744 1410 924 1459 genus,
947 1393 1285 1444 discoloribus
1318 1395 1471 1457 ceris,
1494 1401 1553 1443 ut

501 1471 720 1520 diximus
758 1484 874 1532 cap.
910 1473 991 1517 39.
1060 1471 1146 1519 De
1185 1470 1280 1518 hac
1308 1467 1554 1532 pingendi

504 1547 705 1595 ratione
728 1544 887 1593 multa
909 1544 1067 1593 multi
1085 1544 1376 1608 prodidere.
1442 1544 1550 1592 No-

498 1620 576 1670 bis
602 1635 683 1669 res
706 1622 781 1669 ita
810 1626 1024 1684 peracta
1046 1620 1166 1669 olim
1191 1621 1415 1668 videtur.
1484 1620 1549 1669 In

501 1697 688 1747 tabulis
732 1698 914 1760 ligneis
948 1697 1269 1746 ducebantur
1312 1698 1551 1757 lineares,

498 1780 558 1823 ut
578 1774 651 1822 ita
674 1773 1029 1834 ‹licam‚sulci,
1046 1773 1132 1837 qui
1155 1772 1368 1835 figuram
1390 1771 1549 1820 refer-

498 1854 619 1896 rent
664 1848 880 1910 picturae
913 1861 1030 1896 mox
1068 1846 1272 1896 futurae.
1339 1848 1547 1895 Ductus

492 1920 571 1970 lui
595 1930 779 1984 postea
814 1921 1158 1984 implebantur
1195 1922 1445 1971 instillata
1473 1922 1549 1970 in·

494 1993 710 2059 fusaque
749 2010 871 2045 cera
904 1995 1096 2046 diversi
1117 1997 1320 2060 coloris,
1354 2011 1447 2059 pro
1470 2011 1547 2044 ra·

494 2070 636 2120 tione
660 2070 926 2131 imaginis:
957 2083 1070 2133 quae
1112 2084 1237 2119 cera
1269 2071 1547 2120 descende·

495 2144 587 2195 bat
626 2146 795 2206 altius,
829 2145 1323 2210 imprimebaturque
1354 2146 1545 2195 tabulae

492 2222 713 2271 subditis
747 2221 969 2285 ignibus.
1034 2221 1294 2271 Martialis
1334 2235 1414 2272 tv.
1457 2227 1542 2271 47.

488 2304 506 2326 ·
529 2298 819 2346 Encaustus
844 2294 1112 2346 Phaethon
1152 2297 1329 2346 tabula
1366 2297 1542 2361 depic-

490 2377 573 2422 tus
592 2372 643 2420 in
663 2373 763 2419 ista
786 2375 905 2420 est':
943 2371 1079 2420 Quid
1106 2371 1198 2420 tibi
1219 2372 1293 2420 vis
1316 2371 1540 2435 dipyron

491 2447 581 2512 qui
622 2445 959 2497 Phaethonta
999 2444 1183 2495 facis?'
1237 2446 1439 2497 Alludit
1472 2449 1539 2498 ad

485 2537 658 2574 casum
729 2521 1127 2585 incendiumque
1181 2521 1539 2588 Phaethontis,

485 2599 575 2663 qui
609 2598 797 2647 iterum
840 2604 894 2646 et
928 2598 979 2645 in
1003 2599 1297 2646 encaustice
1332 2599 1539 2662 pictura

483 2673 683 2727 uriturz
721 2672 914 2721 idcireo
947 2669 1148 2734 δίπυροι,
1183 2673 1255 2721 bis
1277 2679 1425 2733 ustus,
1451 2689 1535 2723 vo·

481 2754 669 2797 catur:
702 2746 838 2809 quod
875 2745 979 2794 dici
1019 2753 1163 2795 certe
1205 2761 1306 2797 non
1343 2756 1534 2811 posset,

481 2823 583 2872 nisi
623 2822 764 2884 prins
802 2836 952 2886 quam
989 2821 1356 2873 admoveretur
1383 2826 1536 2888 ignis,

479 2897 826 2947 Phaethontis
838 2899 1009 2959 imago
1025 2897 1256 2949 absoluta
1274 2898 1428 2950 foret.
1461 2903 1533 2949 A·

478 2971 598 3021 liam
635 2972 885 3021 rationem
922 2975 1243 3030 encaustices
1265 2976 1535 3038 explican-

477 3046 561 3097 dae
603 3047 691 3096 alii
722 3046 964 3098 afferunt.
1032 3048 1164 3098 Vide
1190 3050 1532 3100 Ludov..De-

476 3123 833 3187 Montjosium,
878 3123 1014 3173 libro
1056 3139 1208 3187 quem
1252 3126 1533 3189 inscripsit,

474 3199 491 3226 ‘
510 3199 695 3249 Gallus
732 3199 912 3249 Romae
942 3198 1173 3263 hospes,'
1209 3202 1293 3250 tit.
1319 3202 1384 3251 de
1420 3202 1529 3265 pic-

476 3281 618 3331 tura,
637 3290 688 3338 p.
708 3278 787 3324 14.

537 3348 565 3383 ¹²
594 3350 667 3397 Et
685 3350 739 3397 in
757 3347 915 3411 ebore]
951 3347 1135 3400 Altera
1152 3351 1266 3400 haec
1289 3351 1422 3402 ratio
1435 3367 1527 3402 en-

461 3424 640 3482 ‘causti
662 3425 740 3473 sie
757 3438 814 3473 se
836 3424 1031 3479 habuit,
1054 3426 1192 3474 nullo
1212 3429 1528 3489 scriptorum

471 3499 696 3550 omnium
753 3497 1068 3561 refragante.
1156 3494 1300 3564 Stylo
1353 3501 1528 3557 ferreo

469 3575 593 3638 igne
613 3572 921 3623 candefacto
936 3575 1215 3626 inurebant
1236 3577 1400 3639 ebori,
1414 3595 1527 3628 cor-

469 3651 706 3715 nibusve,
743 3650 922 3711 lineas,
953 3651 1138 3715 quibus
1177 3668 1305 3716 quas
1330 3655 1526 3706 vellent

466 3726 716 3790 imagines
737 3726 1118 3790 exprimebant.
1163 3729 1524 3795 ltaque‚quod

468 3803 777 3866 pingendum
802 3810 937 3865 erat,
954 3804 1200 3866 graphice
1228 3806 1445 3867 primum
1470 3808 1522 3855 in

467 3878 625 3928 ebore
646 3878 1025 3928 adumbrabant
1049 3895 1063 3925 ε
1098 3879 1288 3930 deinde
1311 3889 1521 3932 servata

464 3958 666 4006 ratione
688 3957 934 4006 luminum
951 3964 1009 4005 et
1022 3958 1336 4019 umbrarum,
1351 3959 1519 4008 eboris

465 4030 690 4082 candore
727 4032 795 4081 ad
842 4032 1036 4088 lumina
1075 4034 1395 4085 utebantur:
1446 4044 1520 4086 to·

465 4120 588 4157 num
611 4120 732 4157 vero
767 4115 826 4158 et
863 4107 1113 4171 umbram,
1146 4124 1246 4158 non
1270 4111 1387 4174 jam
1411 4126 1518 4161 am-

465 4183 602 4249 plius
629 4197 768 4247 cera,
805 4188 864 4233 ut
906 4182 958 4233 in
997 4184 1157 4249 priori
1192 4200 1402 4250 genere,
1423 4186 1517 4238 sed

1634 1164 1833 1229 vulgari
1864 1165 2038 1214 colore
2082 1176 2143 1212 ac
2199 1160 2419 1225 simplici
2477 1159 2687 1209 exhibe-

1631 1242 1771 1291 bant.

1696 1317 1712 1350 ¹
1747 1315 1939 1379 cestro]
1971 1316 2173 1366 Glossae
2216 1311 2527 1362 Philoxeni:
2564 1308 2686 1360 Κέσ-

1630 1409 1760 1455 τρον,
1782 1393 2054 1451 miculam,
2101 1391 2198 1440 hoc
2231 1397 2333 1451 est,
2371 1387 2494 1452 styli
2525 1387 2685 1436 ferrei

1633 1482 1811 1530 genus.
1876 1467 2097 1530 Utrique
2126 1465 2354 1515 encausti
2390 1462 2574 1526 generi
2601 1460 2685 1510 liic

1630 1551 1839 1594 cestron
1878 1542 2166 1604 ascribitur,
2187 1541 2285 1590 hoe
2307 1547 2404 1599 est,
2428 1537 2683 1599 candens,

1630 1621 2084 1684 acuminatumqne
2102 1618 2311 1673 ferrum,
2327 1616 2467 1680 qiiod
2489 1613 2686 1663 ducen-

1628 1694 1707 1744 dis
1724 1696 1876 1744 lineis
1898 1694 2165 1758 atriisque,
2184 1693 2290 1741 sive
2309 1691 2361 1740 in
2378 1690 2559 1748 ebore,
2573 1689 2685 1738 sive

1627 1770 1678 1819 in
1723 1771 1895 1833 lignea
1942 1770 2113 1820 tabula
2167 1767 2433 1817 inserviat.
2505 1765 2683 1816 Quare

1627 1861 1744 1895 mox
1792 1847 1998 1895 tertium
2053 1843 2288 1894 encausti
2336 1855 2519 1904 genus,
2579 1853 2682 1903 qno

1625 1924 1815 1972 classes
1838 1922 1982 1985 pingi
2001 1934 2227 1984 eoepere,
2250 1918 2316 1968 ab
2334 1925 2558 1980 utroque
2578 1916 2683 1964 ullo

1625 1997 1923 2061 distinguit,
1957 1996 2095 2061 quod
2130 2010 2230 2045 non
2271 2001 2462 2054 cestro,
2492 1998 2555 2041 ut
2589 1992 2684 2040 illa

1624 2070 1748 2134 duo,
1771 2069 1862 2119 sed
1878 2070 2122 2134 penicillo
2143 2067 2255 2118 fiat.
2320 2065 2474 2119 Quod
2499 2066 2553 2113 in
2573 2065 2680 2128 pri·

1623 2161 1705 2196 mo
1727 2160 1931 2209 genere,
1953 2146 2089 2211 quod
2111 2144 2174 2195 fit
2201 2144 2355 2205 ceris,
2372 2156 2492 2190 usus
2516 2141 2681 2191 cestri

1622 2224 1742 2287 suit,
1759 2224 1872 2273 fieri
1893 2224 1947 2274 id
1968 2232 2112 2273 eerte
2134 2237 2235 2271 non
2253 2221 2439 2284 potuit,
2454 2218 2553 2267 nisi
2577 2232 2679 2281 qua

1621 2300 1846 2349 diximus
1868 2299 2084 2353 ratione5
2109 2298 2279 2348 ductis
2303 2297 2353 2344 in
2381 2295 2561 2344 tabula
2584 2294 2679 2356 lig-

1621 2391 1719 2425 nea
1755 2375 1872 2440 styli
1910 2389 2011 2436 ope
2033 2374 2180 2423 lineis
2205 2387 2266 2422 ac
2289 2371 2486 2434 figuris,
2512 2371 2679 2433 prius·

1619 2466 1768 2517 quam
1813 2450 2187 2498 instillarentnr
2228 2462 2381 2499 cera».
2462 2446 2532 2494 Et
2578 2446 2679 2496 hoe

1618 2526 1845 2576 ostendit
1870 2539 2053 2574 nomen
2092 2524 2259 2588 ipsum
2297 2523 2475 2572 cestri.
2544 2522 2678 2570 Esse

1618 2602 1754 2650 enim
1779 2616 1809 2650 a
1831 2604 1913 2657 κῶ,
1939 2601 2077 2665 quod
2099 2599 2234 2648 idem
2255 2598 2473 2647 denotat
2492 2611 2555 2647 ac
2578 2614 2676 2649 κοι-

1614 2676 1778 2734 anim,
1798 2676 1851 2727 id
1876 2683 1976 2738 est,
1993 2691 2124 2736 cavo,
2147 2675 2302 2738 vulgo
2321 2670 2573 2722 creditur.

1678 2759 1715 2784 ¹¹¹
1749 2752 1859 2801 Hoc
1890 2751 2104 2814 tertium]
2134 2749 2365 2798 Tertium
2389 2761 2555 2809 genus
2582 2758 2676 2796 en·,

1613 2827 1800 2891 causti,
1821 2841 1926 2875 non
1947 2826 2099 2888 stylo,
2124 2832 2179 2873 ut
2220 2824 2394 2887 priora
2422 2821 2547 2883 duo,
2577 2822 2670 2871 sed

1614 2903 1873 2966 penicillo,
1897 2916 2001 2966 quo
2019 2898 2321 2964 liquefaetae
2345 2903 2565 2947 cerae‘et
2582 2912 2671 2947 co·

1610 2979 1720 3027 lore
1744 2978 1919 3027 tinctas
1939 2974 2379 3025 diffundebantur.
2443 2972 2670 3036 Attigis·

1609 3054 1670 3102 se
1692 3054 1822 3102 hanc
1857 3054 2083 3103 incertus
2106 3058 2288 3100 auctor
2306 3049 2534 3105 videtur,
2557 3050 2668 3099 edi-

1611 3136 1692 3178 tus
1710 3144 1739 3177 a
1755 3130 1820 3177 V.
1833 3129 1910 3177 ct.
1925 3127 2109 3190 Steph.
2126 3126 2355 3188 Baluzio,
2375 3124 2666 3177 miscellan.

1607 3204 1697 3256 lib.
1719 3218 1796 3252 tv.
1822 3218 1872 3266 p.
1893 3207 2009 3252 41⁷.
2027 3205 2079 3251 iu
2100 3202 2341 3265 epistola,
2355 3202 2440 3251 cui
2475 3202 2667 3251 lemma

1604 3277 2107 3343 inscriptum,‘Quid
2125 3278 2194 3327 sit
2208 3291 2415 3327 ceroma
2429 3276 2464 3327 ε’
2487 3279 2503 3304 ‘
2517 3277 2663 3327 Non-

1605 3358 1735 3406 nulli
1768 3360 2010 3418 eeroma,’
2038 3355 2255 3420 inquit‚‘
2292 3354 2663 3404 intellexerunt

1605 3447 1718 3482 esse
1740 3431 2016 3483 artificium
2031 3431 2285 3496 quoddam
2294 3430 2449 3494 juxta
2465 3443 2660 3479 morem

1603 3508 1869 3572 antiquum
1896 3505 2155 3570 pingendi,
2191 3505 2293 3569 cni,
2332 3519 2398 3554 ne
2421 3503 2585 3554 facies
2606 3510 2662 3555 et

1603 3582 1936 3647 pulchritudo
1969 3583 2188 3645 pictura
2220 3585 2489 3630 vetustate
2530 3587 2656 3629 tem-

1603 3661 1741 3724 poris
1764 3659 2075 3713 aboleretur,
2096 3670 2231 3706 cerae
2255 3656 2483 3705 mixtura
2497 3670 2657 3720 appo·

1600 3735 1842 3789 uebatur,
1861 3730 2063 3782 modico
2094 3730 2202 3794 igni
2240 3729 2360 3779 huie
2398 3737 2655 3792 tempera-

1600 3815 1776 3861 mento
1798 3808 2024 3871 adjecto,
2044 3813 2102 3856 ut
2138 3820 2284 3870 aequa
2305 3819 2542 3855 mensura
2572 3819 2656 3856 co·

1599 3886 1765 3935 lorum
1789 3897 2026 3946 cerasque
2045 3882 2417 3944 concordante,
2450 3896 2545 3932 nec
2569 3895 2656 3931 ve-

1597 3968 1777 4011 nustas
1800 3967 1853 4009 et
1876 3960 2046 4022 gratia
2084 3956 2359 4019 coloribus,
2381 3971 2483 4007 nec
2516 3972 2653 4007 certe

1598 4035 1944 4100 perspicuitas
1968 4035 2191 4083 deesset.
2225 4032 2344 4084 Hoc
2358 4047 2523 4094 genus
2543 4034 2652 4096 pin·

1596 4111 1774 4175 gendi,
1797 4111 1954 4160 etiam
1972 4124 2003 4159 a
2020 4108 2209 4160 Boe'tio
2225 4108 2334 4157 viro
2351 4108 2651 4158 doctissimo

1598 4193 2073 4243 commemoratum,
2096 4183 2264 4235 adhuc
2286 4197 2381 4234 suo
2416 4190 2648 4248 tempore
