3000 4917
1175 411 1618 465 Auc‘roltvm.
2317 399 2496 472 4925

289 552 577 604 errantium
600 553 1043 619 inerrantiumque
1066 555 1335 607 stellarum
1356 558 1625 622 Sphaeram
1660 557 1794 608 libro
1820 573 1920 609 uno
1942 563 2360 627 comprehensam
2384 579 2493 615 ser-

289 635 397 682 vari
417 635 545 683 Mss.
566 635 617 683 in
641 635 782 683 Bibl.
799 635 1122 695 Strozziana,
1141 637 1217 686 ait
1230 637 1469 687 Labbeua
1492 638 1543 686 in
1571 638 1709 688 Bibl.
1730 639 1878 691 Nova
1897 641 2142 692 librorum
2167 645 2295 693 Mss.
2318 636 2494 709 ρ.170.

354 715 551 764 Ennius
572 714 746 779 poeta,
768 714 1043 765 Annalium
1067 716 1225 767 libros
1245 731 1415 768 xvm.
1433 718 1662 769 carmine
1681 721 1981 787 scripserat,
2000 736 2129 788 quus
2154 727 2345 789 passim
2364 726 2494 776 Chaa
2535 719 2542 723 ’

288 795 440 844 risius
463 804 516 844 et
542 795 843 844 Priscianus
864 796 1098 846 laudant.

353 877 622 940 Ephippus.
687 877 945 926 Cumanus
968 877 1053 926 hic
1078 883 1197 927 ortu
1217 875 1336 941 fuit,
1368 877 1617 929 Isocratis
1650 878 1874 931 auditor.
1942 882 2295 933 Historiarum
2331 884 2489 935 libros

227 1007 245 1020 ἦ
287 957 502 1021 scripsit
528 970 665 1006 xxx.
731 957 920 1006 Rerum
945 958 1320 1008 admirabilium
1345 959 1504 1010 libros
1523 973 1617 1010 xv.
1640 960 1841 1025 aliaque
1868 975 1985 1027 quse
2012 963 2190 1014 videre
2206 952 2331 1014 licet
2352 958 2489 1030 apud

291 1037 528 1101 Snidam,
557 1053 610 1100 p.
634 1040 782 1087 1110.
1593 1054 1596 1057 ’
2475 1047 2482 1055 “

353 1117 594 1180 Ephorus,
619 1118 783 1166 Cuma
804 1117 1019 1166 AEolidis
1041 1118 1254 1168 civitate
1277 1118 1545 1181 oriundus,
1569 1120 1812 1171 Isocratis
1836 1123 2066 1174 auditor:
2093 1124 2157 1174 de
2177 1140 2281 1190 qno
2303 1126 2489 1177 Cicero

286 1198 356 1247 de
399 1198 569 1247 Claris
606 1198 757 1248 Orat.
795 1213 844 1260 p.
878 1202 993 1247 575.
1027 1200 1042 1226 ¹
1064 1198 1388 1257 Isocratem,’
1410 1201 1609 1264 inquit,
1644 1203 1660 1231 ⁴
1687 1203 1738 1250 in
1780 1203 2028 1255 acerrimo
2070 1205 2277 1268 ingenio
2323 1207 2488 1257 Theo·

288 1279 487 1342 pompi,
509 1286 565 1327 et
586 1277 848 1327 lenissimo
873 1277 1071 1341 Ephori
1095 1279 1557 1330 dixisse-traditum
1581 1288 1682 1342 est,
1718 1283 1865 1331 alteri
1896 1299 1953 1332 se
1982 1285 2203 1334 calcaria
2226 1286 2488 1349 adhibere,

287 1359 443 1412 alteri
480 1356 704 1408 fraenos?
749 1358 953 1407 Seneca
971 1359 1134 1407 minus
1158 1360 1309 1422 paulo
1333 1359 1613 1410 honorifice
1638 1363 1688 1410 N
1695 1368 1827 1413 atur.
1842 1364 2041 1415 Quaest.
2066 1378 2168 1414 vn.
2195 1370 2274 1414 14.
2300 1382 2351 1429 p.
2368 1372 2484 1417 923.

287 1440 302 1466 ‘
329 1437 606 1500 Ephorus,'
639 1437 823 1502 inquit,
850 1438 866 1466 ⁴
891 1451 993 1486 non
1020 1439 1412 1501 religiosissimae
1436 1439 1579 1497 fidei,
1614 1456 1755 1504 saepe
1778 1443 2061 1506 decipitur,
2086 1460 2226 1508 saepe
2249 1446 2489 1509 decipit.’

288 1519 572 1581 Scripsisse
593 1517 859 1567 historiam
885 1519 968 1567 vel
1001 1519 1190 1582 ipsum,
1213 1521 1294 1569 vel
1327 1519 1491 1569 filium
1512 1521 1641 1584 >ejus
1676 1522 1989 1574 libris.xxx.
2015 1531 2194 1574 auctor
2216 1532 2297 1575 est
2322 1525 2483 1576 Athea

287 1614 433 1648 naeus
456 1599 546 1647 lib.
568 1612 644 1647 v1.
672 1614 724 1661 p.
741 1602 855 1648 232.
913 1598 998 1648 De
1016 1599 1234 1662 Origine
1255 1600 1472 1650 Urbium
1484 1595 1739 1666 Polybius
1763 1604 1898 1666 apud
1920 1605 2094 1654 Strab.
2120 1606 2208 1655 lib.
2223 1619 2278 1655 x.
2305 1622 2354 1669 p.
2369 1611 2485 1657 465.

287 1680 523 1744 Uterque
538 1679 678 1728 miris
697 1693 814 1729 eum
831 1677 987 1729 effert
1009 1680 1265 1730 laudibus.
1296 1682 1375 1732 De
1395 1682 1556 1732 Rebus
1570 1683 1922 1748 laurentiana
1936 1688 2032 1735 τῶν
2044 1685 2329 1750 εὑρημάτων,
2344 1684 2483 1738 idem

282 1761 478 1810 Strabo
502 1761 592 1810 lib.
615 1773 745 1809 xm.
779 1775 831 1823 p.
852 1764 971 1809 622.
1000 1767 1055 1809 et
1092 1762 1282 1811 Athen.
1323 1761 1411 1811 lib.
1435 1776 1561 1812 vur.
1598 1779 1651 1827 p.
1675 1768 1790 1814 352.
1826 1774 1881 1815 et
1916 1765 2004 1817 lib.
2028 1780 2107 1816 ιν.
2145 1782 2199 1830 p.
2221 1772 2334 1819 182.
2402 1772 2484 1819 De

284 1842 587 1891 civitatibus
607 1841 838 1890 Thraciae
861 1839 1047 1890 librum
1069 1848 1309 1905 quartum
1334 1842 1512 1893 laudat
1531 1844 1934 1908 Harpocration,
1958 1848 2115 1897 verbo
2137 1847 2291 1899 Αἶνος.
2327 1864 2377 1911 ρ.
2402 1855 2485 1901 ll'.

286 1923 376 1972 De
398 1922 505 1971 Nili
529 1921 858 1971 Incremeuto
879 1920 1144 1983 Apollonii
1185 1923 1355 1972 Schol.
1380 1923 1444 1971 ad
1468 1938 1547 1973 ιν.
1570 1929 1686 1974 269.
1751 1924 1827 1975 At
1848 1926 1915 1976 de
1937 1927 2128 1989 Ephori
2151 1929 2309 1992 ipsius
2330 1930 2483 1980 furtis

283 2002 446 2052 libros
469 2003 595 2051 duos
615 2001 885 2065 scripsisse
911 2001 1288 2066 Lysimachum,
1303 2011 1485 2053 auctor
1509 2013 1590 2054 est
1612 2006 1938 2070 Porphyrius
1963 2009 2101 2072 apud
2124 2007 2315 2060 Euseb.
2335 2011 2425 2059 lib.
2444 2026 2483 2061 1.

284 2083 529 2146 Praepar.
564 2097 616 2145 p.
634 2086 749 2132 467.

357 2163 683 2226 Epicharmus,
720 2161 924 2211 Siculus
946 2167 1092 2212 vates
1117 2162 1288 2212 dictus
1316 2163 1545 2214 Horatio<
1559 2177 1619 2214 ιι.
1647 2166 1745 2228 Ep.
1772 2171 1817 2215 1.
1837 2171 1919 2218 58.
1972 2168 2324 2232 Syracusanus
2349 2168 2479 2220 fuit':

283 2242 610 2307 Pythagoras
632 2241 852 2292 auditor.
920 2241 1180 2292 Plurimos
1214 2242 1284 2292 de
1310 2243 1644 2308 Physiologia
1677 2260 1740 2294 ac
1760 2247 2027 2296 Medicina
2062 2248 2219 2298 libros
2255 2246 2502 2314 scripsit‚‘

283 2339 422 2388 quos
446 2323 683 2372 Laertius
706 2325 759 2371 in
783 2323 894 2386 ejus
917 2324 1035 2371 Vita
1057 2332 1345 2387 enumerat,
1385 2325 1474 2373 lib.
1496 2338 1621 2375 vnr.
1661 2341 1711 2389 p.
1741 2331 1857 2376 232.
1924 2328 2005 2376 De
2042 2330 2286 2379 Brassica
2319 2332 2481 2395 ser-ipa

281 2404 420 2453 sisse
442 2404 648 2453 Plinius
672 2402 914 2452 admonet
937 2415 1033 2452 xx.
1052 2407 1134 2454 34.
1166 2404 1182 2430 ‘
1202 2404 1619 2484 Diligentissima
1652 2407 1963 2471 conscripsit
1990 2410 2247 2474 pecudum
2273 2411 2480 2461 medici-

282 2483 426 2546 nas,’
461 2484 627 2549 inquit
650 2483 949 2546 Columella,
980 2498 1081 2534 vn.
1109 2488 1157 2534 3.
1190 2500 1242 2547 p.
1263 2488 1378 2536 251.
1843 2524 1848 2527 -

356 2565 576 2627 Epidius,
598 2564 681 2614 cni
701 2577 995 2626 prenomen
1020 2564 1192 2628 Caius,
1219 2565 1415 2615 Ludum
1439 2565 1661 2616 docendi
1682 2569 1940 2634 aperiens,
1964 2570 2277 2620 Rhetoricen
2301 2571 2481 2621 docuit

282 2653 483 2708 praeter
503 2651 705 2694 ceteros
728 2645 806 2694 M.
835 2645 1115 2694 Antonium
1138 2653 1192 2694 et
1216 2644 1530 2709 Augustum,
1552 2654 1610 2696 ut
1625 2648 1701 2697 ait
1722 2649 1940 2698 Sueten.
1963 2651 2028 2700 de
2062 2651 2231 2700 Claris
2266 2652 2480 2701 Rhetor.

282 2743 340 2776 c.
362 2731 410 2776 4.
446 2725 633 2788 Epidia
654 2739 780 2788 gens
801 2724 977 2782 Roma}
999 2726 1294 2777 notissima:
1330 2738 1396 2775 ex
1418 2728 1522 2792 qua
1542 2728 1796 2777 Marullus
1822 2729 2043 2792 Epidius
2065 2731 2210 2780 Trib.
2235 2732 2306 2794 pl.
2334 2733 2479 2796 cnjus

280 2807 524 2858 meminit
543 2807 824 2856 Suetonius
847 2805 895 2855 in
918 2806 1081 2871 Julio,
1105 2822 1150 2857 c.
1173 2811 1255 2857 79.
1321 2808 1460 2857 Vide
1482 2807 1637 2857 etiam
1662 2809 1886 2859 Dionem
1908 2811 2000 2860 lib.
2028 2823 2182 2861 xmv.
2205 2827 2255 2875 p.
2278 2816 2394 2861 244.

354 2888 595 2951 Epigenes
610 2888 830 2937 Rhodius
849 2901 881 2936 a
901 2887 1143 2938 Varrone
1155 2892 1210 2937 et
1234 2889 1518 2938 Columella
1543 2904 1581 2938 ι.
1608 2893 1653 2939 1.
1668 2890 1805 2939 iuter
1827 2891 2110 2952 scriptores
2130 2891 2228 2941 Rei
2250 2891 2479 2942 Rusticae

283 2976 672 3020 annumeratur.
737 2968 1008 3018 Laudatur
1029 2982 1060 3017 a
1076 2969 1363 3018 Censorino
1384 2982 1431 3016 c.
1457 2972 1537 3017 17.
1570 2967 1769 3017 Plinius
1788 2983 1887 3018 vn.
1911 2973 1992 3019 57.
2012 2983 2221 3031 gravem
2242 2971 2478 3033 inprimis

284 3057 553 3100 auctorem
579 3057 768 3100 vocatz
802 3050 856 3098 in
876 3049 1059 3099 Indice
1098 3049 1185 3097 lib.
1222 3063 1286 3098 ιι.
1322 3049 1720 3107 Gnomonicum,
1756 3049 1819 3098 ab
1853 3063 1917 3097 ea
1957 3048 2271 3113 Astrologiae
2309 3058 2479 3112 parte,

283 3146 442 3196 quam
465 3131 839 3180 Gnomonicem
861 3138 1068 3187 vocant,
1093 3144 1211 3193 quai
1236 3130 1487 3179 rationem
1510 3128 1803 3178 umbrarum
1827 3129 1983 3178 docet
2002 3129 2069 3178 ad
2101 3129 2478 3193 dignoscendas

282 3213 457 3269 horas,
481 3212 702 3276 solisque
743 3212 929 3260 motus.
995 3210 1150 3274 Apud
1177 3210 1449 3260 Chaldaeos
1471 3208 1735 3259 studuisse
1759 3224 1813 3258 se
1835 3209 2173 3273 gloriabatur,
2194 3210 2361 3274 iuquit
2383 3211 2475 3260 Se-

283 3305 424 3341 neca
446 3293 635 3341 Natur.
660 3291 863 3342 Quaest.
885 3305 984 3341 vn.
1008 3295 1056 3341 3.
1091 3307 1142 3354 p.
1166 3295 1279 3340 930.
1641 3306 1642 3311 ’
2007 3290 2014 3297 ’
2447 3290 2469 3311 ”·

352 3372 701 3435 Erasistratus,
719 3385 785 3420 ex
806 3371 841 3421 J
846 3370 985 3419 ulide
1006 3370 1136 3420 urbe
1150 3371 1280 3420 Cere
1304 3370 1507 3433 insulae,
1529 3371 1564 3421 J
1569 3370 1752 3420 uliates
1772 3375 1827 3418 et
1841 3368 1995 3419 Ceius
2016 3370 2321 3433 appeilatus‚
2341 3377 2477 3421 teste

280 3453 466 3513 Snida‚
491 3467 540 3515 p.
565 3455 711 3502 1032.
776 3449 1075 3500 Aristotelis
1092 3450 1357 3514 Stagiritoe
1382 3465 1448 3500 ex
1484 3449 1593 3499 filia
1626 3464 1821 3516 nepos=
1855 3449 2127 3514 Chrysippi
2150 3451 2356 3512 medici,
2376 3452 2476 3508 vel,

282 3539 348 3584 ut
371 3533 630 3597 plerisque
666 3526 881 3594 placuit,
903 3531 1238 3595 Theophrasti
1262 3531 1579 3593 discipulus:
1619 3545 1772 3595 quem
1808 3531 1941 3580 male
1974 3530 2199 3579 Samium
2222 3531 2294 3580 ait
2317 3529 2477 3580 fuisse

276 3614 526 3666 Julianus
549 3613 603 3662 in
617 3613 878 3676 Misopog.
900 3623 1015 3674 pag.
1041 3615 1122 3662 72.
1188 3612 1440 3661 Veterum
1485 3611 1812 3661 Medicorum
1838 3610 2203 3668 nobilissimum
2245 3612 2477 3672 appellat

284 3693 528 3744 Macrob.
561 3693 773 3743 Saturn.
799 3705 898 3740 vu.
922 3695 1002 3740 15.
1027 3705 1079 3755 p.
1102 3695 1216 3741 632.
1248 3692 1384 3741 Vide
1409 3692 1548 3742 Plin.
1571 3705 1733 3741 xxix.
1757 3695 1806 3740 3.
1872 3692 2042 3755 Hujus
2066 3691 2155 3740 lib.
2180 3704 2240 3740 ιι.
2274 3691 2475 3739 Saluta·

287 3775 421 3824 rium
454 3774 844 3836 Praeceptorutn
869 3770 1046 3820 laudat
1075 3771 1261 3820 Caelius
1284 3769 1463 3820 Aurel-
1497 3771 1688 3820 Chron.
1722 3784 1784 3819 ιι.
1807 3773 1855 3818 7.
1892 3769 2098 3818 Librum
2119 3769 2184 3817 de
2208 3768 2479 3834 Hydrope,

284 3869 378 3905 ιιι.
402 3860 450 3904 8.
474 3854 570 3903 ,ΒΘ
595 3853 837 3916 Podagra
862 3865 1085 3915 quoque,
1119 3864 1173 3898 v.
1198 3853 1249 3899 2.
1303 3850 1549 3914 Denique
1585 3848 1690 3912 περὶ
1732 3847 1965 3910 δυνάμεων
1995 3847 2073 3897 καὶ
2108 3847 2386 3912 θανασίμων,
2420 3852 2478 3899 de

288 3935 688 3986 Medicaminibus
707 3939 754 3982 et
784 3932 1002 3993 Veneriis,
1025 3929 1361 3983 Dioscorides
1384 3944 1441 3980 v.
1466 3933 1545 3978 18.
1591 3929 1690 3980 ‘Ab
1722 3944 1785 3979 eo
1818 3929 2282 3977 Erasistrateorum
2306 3928 2478 3978 Medi-

289 4031 473 4067 corum
495 4015 686 4065 Schola
707 4026 894 4062 nomen
917 4011 1145 4072 accepit,
1169 4025 1319 4074 quam
1356 4009 1422 4059 ab·
1455 4009 1671 4059 Hicesio
1704 4010 1937 4071 Smyrnae
1970 4009 2252 4057 excitatam
2288 4008 2477 4059 Strabo

289 4094 546 4160 prodidit,
586 4093 676 4143 lib.
715 4106 818 4142 ιιι.
854 4105 973 4154 pag.
1012 4095 1125 4141 580.
1194 4091 1396 4139 Horum
1428 4097 1624 4139 sectam
1660 4090 1888 4140 Galenus
1923 4089 2217 4149 damnavit,
2244 4090 2476 4151 pluribus

292 4177 546 4228 adversus
581 4174 971 4235 Erasistratum,
993 4172 1207 4236 ejusque
1229 4170 1471 4245 asseclas,
1491 4169 1698 4234 scriptis
1721 4169 2075 4232 voluminibus,
2097 4175 2240 4219 tomo
2262 4183 2475 4235 operum

291 4257 514 4308 decimo.
