3000 4917
867 388 1063 451 ..MTe
1101 323 1313 435 mssa*
1349 355 1499 434 mn.
1545 333 1841 433 ἆωεῖςιν.
1884 371 1947 434 7.
1979 412 2010 430 .-
2336 366 2516 433 4425

309 511 741 597 candelarum
796 527 1088 594 lumine'³
1128 526 1519 613 impositum
1557 535 1905 612 appareat.
1989 481 2332 593 Adcessio
2355 546 2516 592 can-

309 632 568 700 delabri
620 631 838 695 talis¹¹¹
899 630 1046 706 fuit,
1098 629 1401 694 Theonis
1463 629 1663 713 jussu
1715 628 2074 712 praeconis,
2147 627 2513 711 Clesippus

306 734 494 809 fullo,
526 734 771 818 gibber
815 738 1143 816 praeterea
1181 736 1248 795 et
1299 732 1434 797 alio
1483 730 1761 795 foedus*
1803 737 2116 814 aspectu,
2154 726 2514 796 emente-id
2621 828 2630 836 .
2694 797 2706 808 ,

312 836 621 917 Gegania
668 833 999 899 sestertiis
1019 841 1049 868 ¹¹
1113 834 1644 916 quinquaginta:
1710 833 2087 918 eademque
2133 838 2512 898 ostentante

313 937 627 1001 convivio
641 942 918 1013 emtum,
950 935 1227 1000 ludibrii·
1250 954 1462 1000 causa
1493 934 1804 1012 nudatus,
1846 942 2048 1019 atque
2076 936 2467 1018 impotentia
2489 940 2514 983 ⁵

310 1038 616 1101 libidinis
650 1043 961 1120 receptus
991 1038 1063 1106 in
1093 1045 1333 1115 torum,
1364 1056 1522 1102 mox
1553 1039 1624 1101 in
1654 1037 2128 1102 'testamentum
2162 1036 2513 1118 praedives,

308 1139 655 1204 numinum
685 1139 835 1204 vice
863 1138 1031 1203 illud
1063 1138 1540 1203 candelabrum
1581 1140 1813 1217 coluit,
1841 1147 1910 1202 et
1941 1139 2114 1203 hano
2148 1137 2514 1204 Corinthiis

305 1240 607 1305 fabulam
635 1241 924 1324 adjecit:
972 1241 1333 1305 vindicatis
1363 1248 1583 1305 tamen
1616 1241 1920 1305 moribus
1942 1241 2148 1304 nobili
2180 1241 2513 1322 sepulcro,

310 1363 426 1425 per
457 1343 642 1426 quod
671 1348 920 1408 aeterna
951 1361 1157 1426 supra
1187 1339 1403 1408 terras
1441 1342 1771 1427 Geganiae
1819 1342 2173 1407 dedecoris
2196 1342 2517 1405 memoria

310 1443 603 1508 duraret.
691 1444 843 1509 Sed
865 1465 1019 1509 oum
1042 1464 1199 1510 esse
1223 1446 1412 1510 nulla
1441 1444 1786 1510 Corinthia
1812 1445 2219 1510 candelabra
2238 1448 2515 1520 constet,

310 1563 554 1609 nomen
585 1546 656 1610 id
685 1550 1028 1632 praecipue
1072 1549 1141 1613 in
1192 1548 1302 1612 his
1350 1549 1749 1626 celebratur,
1797 1548 2112 1631 quoniam
2163 1544 2468 1609 Mummii
2491 1552 2518 1579 ⁰

315 1647 602 1713 victoria
631 1649 1032 1715 Corinthum
1064 1650 1335 1735 quidem
1358 1649 1582 1730 diruit,
1607 1649 1727 1715 sed
1758 1648 2213 1733 compluribus
2240 1646 2517 1710 Achaiae

311 1749 580 1832 oppidis
609 1752 811 1816 simul
843 1772 979 1817 aera
1013 1752 1356 1838 dispersit.
1409 1774 1422 1785 ·

400 1865 538 1914 vu.
584 1850 807 1916 Prisci
842 1852 1076 1917 limina
1103 1854 1304 1917 etiam
1336 1870 1418 1916 ac
1442 1851 1678 1916 valvas
1706 1871 1795 1916 ex
1825 1870 1968 1917 εει-α
1982 1852 2051 1915 in
2080 1850 2349 1934 templis
2377 1848 2517 1912 fac-

310 1950 615 2019 titavere.
704 1954 983 2020 Invenio
1032 1960 1100 2019 et
1148 1974 1191 2018 a
1245 1953 1371 2019 Cn.
1419 1954 1767 2034 Octavio‚1'
1811 1955 1929 2038 qui
1959 1954 2045 2019 de
2077 1954 2333 2019 Perseo
2363 1970 2516 2035 rego

1234 2134 1600 2155 OOOOOOOOOOO

313 2253 343 2297 3
378 2247 526 2300 Idem
574 2251 695 2302 Vet.
735 2239 1039 2302 nomina—4
1073 2252 1222 2302 Idem
1260 2255 1382 2303 Vet.
1406 2252 1534 2313 fuit,
1566 2258 1619 2302 ιιι
1657 2258 1822 2303 auctor
1852 2257 1925 2302 est
1953 2253 2161 2316 Dionys.
2213 2252 2365 2300 Jussu
2382 2266 2431 2314 p.
2460 2252 2521 2303 C.

297 2312 454 2370 fusor,
470 2315 661 2376 gibber,
684 2317 848 2365 etalio
868 2324 1097 2381 preterea
1105 2318 1282 2378 soedus.
1336 2317 1470 2368 Cod.
1515 2318 1695 2368 Dalec.
1737 2317 1892 2366 etiam
1919 2318 2121 2377 gibber-‚-
2155 2315 2386 2366 Gronov.
2413 2315 2521 2375 gib-

313 2377 703 2493 aexZ-gixtil‘od.
726 2382 917 2432 Dalec.
940 2383 1249 2445 impudentia.
1315 2383 1463 2439 Mox,
1485 2383 1608 2435 Vet.
1651 2383 1835 2432 Dalec.
1869 2382 2077 2430 numinis
2107 2383 2210 2430 vice
2235 2415 2249 2430 .
2273 2413 2287 2428 .
2311 2415 2326 2429 .
2354 2380 2523 2440 Jahn-

1313 2557 1530 2612 NOTAE

380 2673 414 2699 ὓ
455 2668 681 2719 Avennio
701 2671 972 2721 candelabri
998 2674 1132 2738 talis]
1163 2673 1242 2722 Ex
1276 2687 1384 2722 aere

315 2743 626 2809 AEginetico.
691 2749 864 2797 Locus
908 2749 994 2798 hic
1039 2751 1385 2800 salebrosissi-

316 2837 426 2872 mus
463 2825 606 2874 visus
647 2833 731 2876 est
771 2826 1074 2889 Hermolao,
1103 2828 1188 2891 qni
1224 2828 1384 2876 extri-

315 2914 435 2949 care
468 2915 527 2949 se
552 2917 619 2951 ex
642 2916 703 2951 eo
734 2916 836 2952 nou
862 2904 1050 2967 potuit.
1115 2904 1386 2953 Sententia

317 2984 413 3041 est,
454 2992 613 3042 quam
661 2985 855 3043 tamen,
898 2995 1000 3029 non
1044 2980 1143 3030 nisi
1183 2981 1384 3031 veniam

316 3059 435 3101 ante
483 3053 752 3117 praefatus,
796 3057 1007 3120 aperire
1053 3057 1137 3105 vix
1186 3057 1382 3105 susim:

315 3127 443 3177 adeo
467 3128 637 3190 pudet
660 3129 929 3193 inquinare
955 3132 1188 3192 chartas,
1211 3146 1381 3180 aures-

314 3217 412 3266 que
437 3212 494 3253 et
518 3205 715 3254 animos
748 3207 1035 3269 legentium
1080 3207 1162 3255 vel
1199 3209 1385 3256 leviter

316 3278 529 3328 inficere
555 3282 793 3343 poenitet.
861 3282 989 3332 Cum
1016 3284 1191 3333 auctio
1211 3283 1385 3347 fieret,

313 3353 500 3418 inquit,
526 3369 705 3416 praeeo
731 3357 907 3405 'Ilieon
946 3358 1259 3408 candelabro
1283 3359 1384 3409 Co·

316 3431 504 3480 rinthio
529 3433 758 3497 pretioso
798 3433 1050 3484 accedere
1084 3443 1143 3485 et
1173 3435 1384 3500 adjungi

315 3507 479 3556 voluit
502 3522 709 3557 servum
749 3510 909 3569 nihili,
936 3503 1236 3575 pravissimo
1268 3525 1383 3562 cor·

314 3596 460 3645 pore,
494 3582 745 3634 fullonem
783 3585 1104 3650 Clesippum.
1171 3588 1236 3637 Id
1260 3603 1382 3638 ean·

313 3657 588 3710 delubrum
613 3674 730 3711 cum
763 3663 1058 3726 appendice
1086 3666 1382 3716 homuncio·

313 3734 392 3783 nis
416 3738 741 3800 comparavit
764 3752 812 3788 ι..
851 3741 1107 3791 sestertiis
1127 3741 1382 3807 Gegania,

316 3811 471 3861 vidua
492 3812 682 3863 nobilis
705 3821 763 3863 et
795 3815 1042 3879 locuples.
1111 3819 1245 3867 Enm‘
1275 3826 1382 3868 ein-

316 3890 514 3940 tiotrem
552 3890 676 3939 dum
714 3890 980 3957 frequenti
1025 3896 1263 3945 convivio
1301 3885 1381 3945 osl

312 3973 508 4031 tentat,
538 3967 826 4031 productus
847 3984 1073 4035 quoque,
1095 3979 1151 4021 et
1176 3982 1234 4023 ut
1258 3972 1384 4022 vitia

313 4044 548 4105 corporis
586 4043 940 4095 manifestiora
977 4047 1128 4110 jocos
1177 4049 1377 4111 praebe·

314 4128 445 4175 rent,
463 4119 653 4169 nudari
669 4121 845 4183 jussus
869 4130 951 4172 est
972 4125 1279 4189 Clesippus:
1322 4126 1380 4174 li·

316 4193 506 4243 bidinis
548 4196 874 4259 impudentia
901 4210 1143 4265 correpta
1177 4202 1384 4253 domina

316 4271 513 4334 recepit
535 4285 655 4322 eum
676 4287 796 4323 mox
821 4273 873 4324 in
909 4283 1097 4341 torum,
1133 4281 1383 4331 manumi-

1460 2677 1548 2733 sit,
1603 2676 1843 2725 maritum
1909 2670 2271 2736 haeredemque
2323 2668 2523 2718 sumsit.

1460 2753 1560 2801 Ille
1584 2766 1675 2813 es,
1707 2751 1793 2801 cui
1832 2750 1930 2799 nisi
1967 2746 2249 2812 applicitus
2281 2744 2523 2795 adunata

1459 2836 1558 2884 set,
1580 2843 1844 2892 nunquam
1873 2825 2198 2890 pervenisset
2221 2822 2284 2871 ad
2311 2835 2393 2870 res
2415 2828 2524 2871 tam

1460 2906 1674 2968 opimas,
1698 2918 1798 2952 non
1822 2915 1974 2953 secus
1998 2914 2058 2950 ae
2080 2898 2243 2948 fatum
2265 2912 2409 2946 suum
2436 2911 2523 2945 ve-

1459 2987 1672 3030 neratus
1712 2987 1812 3041 est,
1847 2992 1908 3027 sc
1943 2984 2106 3027 totam
2136 2976 2267 3023 lianc
2301 2971 2525 3023 fabulam

1460 3056 1740 3105 Corinthiis
1774 3054 1908 3103 vasis
1932 3065 2052 3101 eum
2084 3051 2238 3111 vulgo
2261 3048 2525 3110 ascripsit·

1460 3132 1705 3182 Providit
1731 3139 1903 3181 tumen
1929 3128 2133 3177 interim
2157 3135 2213 3175 et
2239 3125 2387 3174 bonis
2417 3138 2526 3172 iuo-

1461 3210 1623 3264 ribus‚
1641 3208 1721 3255 vel
1743 3220 1859 3255 cum
1878 3203 2048 3253 nobile
2066 3200 2361 3265 sepulcrum
2381 3213 2528 3248 erex-

1460 3286 1500 3333 it
1528 3284 1799 3348 Geganiae‚
1831 3295 1925 3346 per
1952 3278 2091 3345 quod
2129 3276 2359 3327 dedecus
2390 3277 2524 3325 illius

1460 3375 1620 3425 supra
1655 3369 1824 3410 terras
1846 3359 1897 3407 in
1921 3370 2076 3407 omne
2104 3369 2273 3405 aevum
2296 3354 2525 3403 duraret.

1460 3437 1813 3500 Geganiomm
1852 3433 2052 3483 familia
2093 3433 2271 3481 Romae
2314 3430 2526 3489 nobilis‘‚

1460 3514 1599 3574 apud
1626 3512 1959 3561 Plutarchum
1992 3510 2042 3558 in
2082 3509 2271 3567 Numa,
2294 3522 2344 3571 p.
2366 3511 2449 3556 66.
2472 3512 2528 3555 et

1458 3594 1541 3640 77.
1598 3587 1738 3637 Item
1761 3585 1899 3649 apud
1929 3585 2126 3633 Livium
2149 3591 2204 3633 et
2229 3583 2446 3644 Dionys.

1527 3671 1551 3697 ὓ
1585 3660 1857 3723 Sestertiis]
1889 3662 2008 3710 Sive
2047 3659 2345 3709 sestertium
2376 3655 2525 3720 quim

1460 3742 1711 3808 quaginta
1742 3739 2006 3789 millibus:
2063 3750 2177 3799 quae
2216 3727 2372 3782 libras
2416 3731 2526 3782 effi-

1459 3820 1606 3869 ciunt
1623 3805 1846 3868 G‘aliicae
1871 3819 2091 3863 monetae
2114 3814 2262 3860 60⁰0.

1524 3902 1549 3927 ⁰
1582 3892 1833 3955 Mummii]
1865 3891 1954 3939 De
1975 3902 2037 3936 eo
2069 3886 2292 3935 diximus
2316 3895 2526 3934 xxxnr.

1459 3975 1542 4020 53.
1567 3977 1619 4018 et
1643 3969 1765 4017 alibi
1788 3964 1992 4029 saepius.
2513 3965 2518 3974 ‘

1526 4055 1552 4087 Ρ
1581 4048 1701 4094 -C'n.
1751 4039 1974 4100 Octavio]
2030 4038 2135 4091 Qui
2185 4050 2320 4085 anno
2367 4034 2525 4085 Urbis

1461 4136 1743 4174 nnxxxvr.
1788 4121 1848 4169 L.
1893 4117 2100 4168 AEmilio
2138 4112 2303 4161 Paulo
2343 4125 2526 4159 secun-

1462 4202 1604 4262 dum,
1628 4199 1688 4248 C.
1718 4194 1917 4246 Licinio
1939 4194 2127 4243 Crasso
2147 4189 2294 4238 Coss.
2320 4187 2529 4236 Praetot'·

1463 4277 1679 4329 classem
1711 4272 1943 4335 sortitus,
1981 4283 2097 4319 cum
2123 4265 2327 4317 AEmilio
2357 4264 2523 4313 Paulo
