3000 4917
499 375 680 439 4968>

499 529 727 581 Thalem·
744 539 798 581 et
824 531 1119 598 Lycurgum
1142 531 1300 581 fnisse
1324 533 1460 582 viros
1482 539 1581 581 sa·'

407 643 414 646 fl
502 610 727 673 pientes,
747 611 826 657 vel
846 617 902 657 ut
926 617 1137 670 possent
1160 611 1297 671 leges
1317 610 1561 666 condere,

503 694 558 734 et
584 693 850 748 praecepta
874 679 1237 746 Philosophiae,
1260 686 1400 733 clare
1433 685 1563 733 indi-

503 769 589 810 cat
631 761 800 809 Plaut.
833 762 883 809 in
926 761 1227 809 Bacchidib.
1276 763 1291 789 ‘
1317 761 1448 809 Nam
1490 762 1565 808 ila

504 853 585 887 me
626 840 709 886 Dii
750 846 941 899 ament,
985 841 1066 888 vel
1114 840 1400 903 Lycurgus,
1444 840 1565 888 mini

504 914 712 977 quidem
748 923 805 962 ut
829 907 1059 973 videtur,
1082 921 1260 977 posset
1281 914 1364 962 hic
1384 914 1447 962 ad
1474 929 1564 963 ne-

506 991 722 1055 quitiam
791 991 1073 1041 addueier.'

503 1068 518 1093 ‘
538 1067 705 1117 Quem
720 1083 814 1129 ego
832 1082 1017 1131 sapere
1036 1069 1195 1118 nimio
1218 1071 1394 1119 censui
1413 1085 1564 1133 quam

503 1144 749 1193 Thalem!
780 1146 933 1193 Idem.

570 1218 646 1267 Ac
666 1220 789 1267 situs
811 1222 1011 1269 locorum
1033 1227 1077 1269 et
1113 1222 1238 1269 vicos
1263 1223 1563 1286 populorum]

505 1296 651 1357 Lego
685 1297 813 1344 uisus
851 1299 1140 1359 populorum,
1182 1312 1280 1345 non
1317 1299 1442 1345 vicos
1482 1314 1563 1360 po·

499 1374 734 1433 pulcrum,
758 1388 820 1420 ex
849 1375 1043 1433 scripta
1067 1374 1303 1422 lectione.
1363 1374 1566 1423 Recen-

503 1449 662 1497 tiores
686 1450 929 1510 astrologi
946 1450 1306 1498 diversitatem
1328 1458 1567 1512 aspectus

504 1526 786 1587 appellant.
823 1527 1100 1574 Pintianus.

570 1602 799 1665 Pindari]
853 1602 1113 1650 Pindarus
1164 1602 1217 1651 in
1263 1604 1466 1651 cantico
1497 1602 1565 1651 de

505 1675 662 1725 radiis
686 1676 819 1725 Solis
849 1675 1173 1725 obscuratis:
1222 1677 1443 1737 Πολέμου
1474 1679 1514 1727 δ’
1533 1678 1564 1737 ᾖ

505 1754 636 1812 σᾶμα
650 1752 807 1814 φέρεις
818 1750 1034 1813 τινὸς,Ἲ-Ῑ
1048 1755 1241 1815 νιφετοῦ
1252 1754 1451 1804 σθένος’
1430 1755 1563 1819 υπέρ-
1564 1793 1586 1816 „

510 1836 683 1889 φατον,
720 1826 951 1876 Κενέωσιν
985 1828 1073 1878 ἀνὰ
1106 1828 1290 1884 πέδον,
1291 1829 1462 1881 “rom-t
1484 1832 1563 1893 ζα·
1570 1837 1573 1840 ’

512 1902 638 1963 κότῳ
668 1902 829 1964 διερόν·
863 1902 1061 1966 Ἀνδρῶν
1083 1903 1200 1953 νέων
1233 1908 1282 1968 ἐξ
1319 1907 1470 1970 ἀρχῆς
1495 1908 1562 1956 *H

508 1979 687 2040 καρποῦ
713 1977 888 2039 φθίσιν,
912 1979 977 2027 *fl
1017 1979 1190 2030 στάσιν
1227 1982 1503 2045 οὐλομέναν,
1532 1985 1564 2043 ἢ

504 2053 682 2101 πόντου
708 2053 774 2101 *H
798 2056 1007 2115 παγετὸν
1039 2057 1223 2117 χθονὸς,
1257 2058 1288 2117 ᾖ
1315 2059 1470 2108 νότιον
1491 2060 1564 2111 θέο

506 2148 604 2192 ρος,
629 2129 694 2177 Ἢ
716 2133 861 2190 ’γαῖαν
884 2133 1237 2183 ’κατακλύσασα
1256 2134 1413 2194 θήσεις
1427 2137 1568 2188 Γένος

508 2206 789 2268 ὅλοφυδνόν.
823 2208 991 2257 Dalec.

521 2307 526 2312 -
575 2282 772 2345 Crepitu
814 2284 1001 2333 dissono
1047 2288 1334 2351 auxiliante]
1406 2287 1564 2339 Ovid.

506 2359 601 2407 hac
626 2359 690 2407 de
718 2374 802 2408 re:
847 2362 862 2387 ‘
881 2362 955 2409 Te
981 2377 1204 2428 quoque,
1225 2367 1566 2426 Luna,tralto,

508 2435 743 2497 quoniam
768 2438 1038 2488 Temesaea
1069 2440 1270 2489 labores
1305 2443 1425 2490 AEra
1451 2451 1566 2491 tuos

507 2511 774 2560 minuant)

505 2588 520 2614 ‘
550 2587 929 2649 Campanorum
977 2590 1230 2640 imbellem
1277 2594 1566 2643 multitudi-

506 2676 620 2709 nem
648 2677 763 2710 cum
788 2665 903 2712 aeris
942 2666 1165 2729 crepitu,
1200 2668 1363 2731 qualis
1399 2670 1450 2717 in
1476 2670 1566 2718 de-

506 2737 646 2787 fectu
681 2740 844 2788 Lunae
880 2741 1051 2790 silenti
1086 2749 1239 2792 nocte
1266 2744 1377 2793 fieri
1414 2748 1566 2802 solet,

506 2815 782 2863 clamorem
823 2815 1084 2866 edidisse.’
1152 2819 1449 2870 Alexander
1472 2837 1566 2885 pu-

506 2896 585 2938 tat
626 2891 698 2939 sic
747 2890 883 2954 abigi
916 2906 1100 2955 pravos
1138 2894 1420 2958 daemones,
1455 2906 1565 2948 tum

506 2964 707 3015 feroces
730 2974 785 3016 et
807 2969 1138 3031 insultantes,
1161 2986 1276 3020 cum
1298 2974 1397 3023 vim
1421 2990 1564 3024 suam

503 3042 555 3089 in
581 3049 745 3092 terras
783 3044 1029 3094 deficiens
1073 3048 1210 3097 sidus
1247 3063 1349 3098 non
1391 3059 1566 3113 potest

505 3119 699 3167 homiui
720 3121 999 3170 salutarem
1025 3124 1253 3185 mittere,
1284 3136 1338 3175 et
1360 3127 1563 3177 illorum

506 3196 807 3245 cohibendae
825 3198 1110 3249 insolentiae
1127 3199 1410 3253 efficacem.
1436 3206 1562 3254 Cre-

505 3270 640 3320 didit
683 3272 841 3320 etiam
879 3273 1098 3337 simplex
1139 3278 1421 3343 antiquitas
1462 3282 1561 3330 Lu-

507 3360 623 3394 nam
662 3347 729 3396 de
774 3350 905 3398 coelo
945 3351 995 3398 in
1043 3360 1204 3402 terras
1247 3357 1561 3407 carminibus

506 3423 639 3471 trahi
664 3438 811 3484 posse
832 3441 845 3472 z
882 3439 980 3474 nee
1002 3441 1104 3476 nou
1128 3428 1419 3492 depressam
1446 3434 1561 3496 cogi

505 3496 557 3545 in
593 3496 777 3546 herbas
800 3500 1033 3549 subditas
1058 3517 1287 3564 spumam
1325 3507 1382 3555 'et
1421 3501 1578 3559 virus⁴

506 3571 792 3635 effundere,
814 3575 1000 3638 quibus
1018 3578 1082 3625 ad
1120 3580 1320 3642 magica
1342 3581 1563 3633 foelicius

507 3656 737 3699 utantur.
803 3655 818 3680 ‘
839 3653 1162 3715 Despumare
1231 3658 1445 3706 Lunam’
1509 3661 1562 3710 id

507 3726 643 3775 dixit
668 3727 825 3790 Apul.
854 3726 996 3777 Asini
1039 3732 1180 3781 aurei
1204 3732 1291 3781 lib.
1315 3747 1354 3782 1.
1397 3735 1561 3785 Luca·

507 3816 598 3850 nus
626 3802 712 3850 lib.
740 3817 816 3851 vt.
850 3805 945 3852 ‘Et
970 3808 1169 3867 patitur
1192 3815 1348 3858 cantu
1385 3817 1561 3861 tantos

508 3876 754 3939 depressa
784 3880 1004 3946 labores,
1048 3885 1229 3933 Donec
1265 3889 1561 3949 suppositas

506 3955 721 4015 propior
751 3954 1091 4019 despumetin
1115 3960 1317 4010 herbas.
1325 3963 1339 3982 '
1426 3965 1560 4014 Haec

510 4030 680 4076 omnia
701 4043 1043 4083 commentum
1086 4037 1397 4098 Aglaonicae,
1421 4041 1560 4104 Age·

507 4105 635 4152 toris
661 4104 796 4168 filiae,
819 4107 1123 4173 Astrologioe
1148 4116 1351 4176 peritae,
1375 4115 1558 4181 fuisse,

508 4180 781 4230 pintan-‚ch
835 4185 901 4231 de
946 4186 1285 4238 oraculorum
1328 4191 1558 4241 Defectu

507 4264 689 4305 auctor
711 4263 805 4308 est.
874 4260 1008 4311 Vide
1041 4278 1154 4327 quae
1177 4280 1337 4329 supra
1359 4282 1406 4318 c.
1429 4272 1481 4318 9.
1504 4269 1557 4318 in

1169 992 1250 1041 Ac
1321 1007 1522 1041 rursum
1546 997 1573 1041 :'

843 2515 1019 2576 Livius
1052 2515 1142 2564 lib.
1168 2530 1334 2565 xxvi.
1367 2519 1585 2582 scribit„

1195 389 1409 438 NO'I'AE
1460 389 1867 440 VARmRUM
1922 393 1994 440 ΙΝ

1645 532 1799 582 verbo
1846 533 1863 562 ‘
1899 533 2177 596 laborare‚’
2220 538 2610 600 annotavimus,
2647 546 2700 590 et

1640 608 1903 658 Cleomed.
1930 610 2072 672 Cyel.
2095 610 2182 660 lib.
2203 624 2266 661 11.
2292 627 2343 673 p.
2366 617 2483 661 520.
2518 615 2669 662 Idem.

1706 684 1878 733 Nicias
1897 685 2259 736 Atheniensium
2291 688 2577 752 imperator]
2616 689 2702 737 Ni·

1638 762 1746 809 cias
1782 761 2130 824 Atheniensis,
2169 766 2340 813 clarus
2377 766 2578 828 alioqui
2613 767 2701 813 im·

1640 844 1868 900 perator,
1894 838 1985 886 sed
2011 839 2226 894 tardior,
2249 853 2311 887 ac
2334 840 2524 887 nimius
2548 831 2700 889 cunc-

1641 915 1797 973 tator,
1813 914 1863 960 in
1884 927 2037 976 quem
2056 913 2153 963 hoc
2168 913 2547 963 facetissimum
2567 913 2703 964 Aris-

1642 988 1879 1051 tophanis
1901 990 2172 1039 dicterium
2193 1008 2205 1039 ε
2226 990 2304 1041 καὶ
2320 990 2418 1051 μὴν
2435 990 2506 1051 μὰ
2524 990 2613 1040 τὸν
2632 994 2703 1039 Δι’

1640 1064 1752 1125 οὐχὶ
1784 1064 2032 1128 νυστάζειν
2065 1065 2133 1115 ἔτι
2153 1066 2258 1131 ‘'np’
2286 1067 2423 1116 ἐστὶν
2443 1068 2574 1129 ἡμῖν,
2597 1069 2701 1117 οὐδὲ

1637 1147 1966 1208 μελλονικιᾷν.
2033 1145 2165 1194 Vide
2198 1145 2473 1194 Plutarch.
2510 1146 2561 1193 in
2596 1147 2701 1208 ejus

1640 1221 1781 1268 Vita.
1816 1220 1968 1268 Idem.
2110 1226 2117 1234 ‘

1658 1303 1685 1317 ·‘
1705 1296 1992 1357 Argumenti
2012 1302 2273 1359 repertores
2291 1312 2381 1359 quo
2411 1296 2540 1345 Deos
2559 1296 2705 1344 homi·

1613 1384 1809 1434 aesque
1851 1371 2060 1436 vicistis]
2097 1373 2398 1432 Legendum
2441 1387 2565 1421 reor
2605 1387 2700 1421 uon

1638 1448 1845 1507 vicistis,
1878 1449 1968 1496 sed
2001 1449 2255 1496 vinxistis.-
2288 1449 2385 1498 lioc
2425 1456 2524 1504 est,
2563 1449 2704 1497 colli-

1640 1523 1822 1584 gutia,
1842 1529 1895 1570 et
1922 1523 2056 1584 paris
2079 1520 2189 1572 fere
2214 1522 2534 1572 conditionis
2556 1522 2724 1587 t'ecis-¹

1641 1597 1726 1646 tis.
1750 1598 2040 1647 Pincianus.

1803 1674 1940 1722 Car.
1969 1686 2095 1722 xm.
2160 1675 2238 1723 De
2261 1673 2544 1731 defectibus.

1661 1750 1939 1798 Omnibus
1971 1756 2130 1799 autem
2165 1750 2327 1815 aunis]
2377 1750 2489 1800 Aut
2530 1758 2706 1800 textus

1638 1825 1736 1876 hoc
1774 1826 1886 1874 loco
1926 1825 2209 1875 mendosus
2222 1834 2321 1890 est,
2354 1835 2448 1875 aut
2481 1827 2706 1892 aliquem

1640 1909 1904 1952 auctorem
1966 1905 2174 1951 secutus
2221 1909 2302 1951 est
2352 1903 2579 1958 Plinius,
2620 1903 2705 1967 qui

1639 1978 1903 2039 eclipsium
1960 1978 2216 2026 rationem
2264 1991 2365 2027 nou
2423 1979 2705 2027 intellexit.

1643 2054 1776 2102 Nam
1798 2055 2077 2103 horizontis
2116 2054 2317 2103 diversa
2343 2047 2541 2117 positio
2562 2056 2708 2116 nihil,

1639 2136 1728 2179 aut
1745 2129 2018 2179 admodum
2040 2121 2234 2194 parum,
2249 2130 2313 2179 ad
2333 2131 2606 2195 eclipsium
2626 2147 2705 2179 ra-

1639 2207 1805 2255 tiones
1842 2207 2100 2269 pertinet:
2138 2215 2191 2256 et
2225 2209 2436 2256 omniuo
2471 2210 2586 2257 haec
2625 2223 2706 2256 res

1639 2283 1831 2332 unllam
1875 2282 2034 2331 habet.
2077 2283 2347 2343 rationem,
2384 2292 2444 2333 ut
2488 2284 2709 2347 singulis

1643 2358 1783 2406 annis
1813 2359 2032 2422 eclipses
2067 2359 2163 2409 sub
2194 2367 2332 2408 terra
2356 2360 2506 2423 fiant,
2524 2369 2582 2409 et
2604 2375 2706 2409 uon

1642 2436 1798 2484 etiam
1838 2436 2050 2499 singulis
2095 2436 2241 2484 annis
2284 2450 2443 2500 supra
2490 2445 2705 2487 terram.

1646 2513 1814 2561 Dalec.

1681 2588 1806 2636 'Sed
1847 2587 1906 2636 ab
1948 2587 2058 2636 aliis
2089 2593 2230 2651 atque
2271 2588 2383 2638 aliis
2420 2589 2508 2636 hoc
2547 2587 2703 2649 cerui]

1641 2664 1798 2726 Lege,
1834 2664 1932 2712 Sed
1951 2663 2011 2710 ab
2031 2665 2141 2712 aliis
2162 2666 2247 2712 hoc
2268 2664 2415 2712 cerui.
2479 2664 2704 2727 Reliqua

1640 2740 1912 2804 demenda,
1972 2754 2038 2787 ex
2112 2741 2338 2805 antiquis
2413 2742 2702 2791 codicibus.

1638 2817 1862 2866 Pintian.
2394 2837 2401 2844 “

1707 2894 1846 2942 Nunc
1865 2893 1926 2941 ab
1941 2908 2129 2943 occasus
2148 2897 2286 2957 'parte
2302 2895 2388 2943 Ιιοο
2403 2895 2451 2942 ei
2464 2896 2704 2959 accidere,

1636 2984 1760 3018 nuuc
1801 2970 1863 3018 ab
1908 2976 2120 3033 exortus,
2161 2978 2209 3019 et
2246 2986 2449 3034 quanam
2489 2972 2704 3034 ratione]

1638 3046 2063 3095 Commutandum
2093 3053 2218 3108 puto
2253 3048 2420 3095 locum
2456 3048 2711 3110 conjunc-

1638 3121 1794 3171 tionis
1820 3128 1903 3182 εις
1937 3123 2335 3186 legendumque,
2371 3124 2443 3171 Et
2478 3139 2606 3172 nunc
2645 3123 2706 3171 ab

1636 3214 1823 3247 occasus
1848 3205 1989 3261 parte
2024 3198 2110 3246 hoc
2146 3199 2191 3247 ei
2227 3198 2456 3255 accidere,
2494 3214 2622 3248 nuuc
2643 3201 2704 3248 ab

1635 3279 1841 3324 exortus.
1911 3276 2130 3329 Quanam
2151 3274 2351 3324 ratione.
2387 3275 2558 3324 Idem.

1787 3352 1920 3400 CAP.
1946 3364 2064 3400 ΧΠ.
2133 3352 2213 3400 De
2230 3352 2383 3401 Lunoe
2402 3358 2556 3400 motu.

1700 3428 1901 3487 Lucere,
1933 3426 2040 3489 Sym]
2091 3426 2273 3475 Lucere
2327 3428 2589 3476 dodrantes
2628 3443 2702 3478 se·
2767 3418 2776 3427 ’

1634 3504 1841 3552 mancias
1873 3503 2181 3563 est„lucere
2219 3511 2326 3551 tres
2369 3505 2520 3552 nnius
2561 3504 2700 3554 horas

1636 3587 1868 3643 quartas,
1906 3585 1963 3626 et
1986 3578 2209 3640 ‘insuper
2231 3578 2467 3640 ejusdem
2493 3588 2701 3642 partem

1636 3655 1928 3704 vicesimam
1953 3662 2217 3718 quartam3
2242 3663 2299 3704 ut
2316 3656 2553 3718 explicat
2565 3658 2701 3705 Bnd.

1637 3733 1702 3781 de
1737 3731 1868 3780 Asse
1907 3730 1999 3782 lib.
2039 3745 2078 3779 1.
2125 3727 2400 3779 ’Secundo
2435 3732 2521 3780 die
2561 3734 2702 3782 lucet

1637 3807 1932 3859 dextantem
1974 3814 2030 3857 et
2072 3807 2291 3855 silicium
2330 3808 2473 3856 horae
2513 3809 2699 3858 unius:

1637 3883 1978 3932 infra.xxx11.
2004 3886 2085 3931 18.
2119 3883 2285 3931 Dalec.

1702 3961 1808 4015 Quo
1827 3963 2103 4018 argumento
2133 3957 2349 4019 amplior,
2375 3959 2483 4022 ξω]
2519 3960 2661 4023 Lege
2681 3976 2697 4009 ι

1638 4039 1741 4092 Quo
1768 4039 2048 4097 argumento
2080 4033 2279 4095 avnplior
2311 4034 2580 4083 errantium
2609 4052 2699 4085 cae·

1634 4118 1846 4162 terarum
1879 4124 2016 4173 quam
2040 4111 2167 4157 lunoe
2197 4110 2479 4169 magnitudo
2511 4111 2698 4173 colligi-

1633 4198 1748 4250 tur,-
1781 4205 1900 4251 non,
1943 4189 2203 4238 errantium
2235 4185 2519 4238 ‘steuarum:
2577 4205 2694 4239 uam

1630 4269 1754 4317 luna
1775 4267 1932 4317 etiam
1955 4279 2055 4315 una
2092 4278 2157 4314 ex
2195 4265 2510 4328 errantibus,
2535 4275 2592 4315 et
2620 4280 2696 4315 er-
