3000 4917
1188 420 1642 473 AucroRuM.
2335 411 2511 478 4953

313 577 318 586 ·
375 563 656 626 ,Umbricius
673 532 866 626 Melior,
881 575 1034 628 quem
1049 563 1377 629 haruspicum
1402 553 1497 615 sno
1521 580 1638 616 aevo
1662 563 2027 630 peritissimum
2049 567 2281 632 appellat
2305 567 2508 620 Plinius

312 658 370 695 x.
393 649 441 693 θ.
457 645 519 693 ·is
540 651 623 693 est
644 642 923 707 Haruspex
945 641 1255 703 Umbricius,
1290 645 1379 710 qui
1414 643 1732 698 sacrificanti
1770 660 1871 710 pro
1906 646 2020 698 ede
2044 646 2299 711 Apollinis
2321 648 2508 701 Galba

311 726 490 776 tristia
521 731 665 788 exta,
694 725 950 775 instantes
980 724 1213 790 insidias,
1245 733 1302 777 et
1335 726 1678 777 domesticum
1710 727 1912 777 bostem
1946 726 2212 792 praedixit,
2247 736 2306 779 ut
2341 728 2509 780 refert

309 805 543 935 ‘1’a(;=itus¹
558 806 697 855 Hist.
716 818 757 854 ι.
778 820 831 870 p.
853 808 936 857 18.
1001 807 1088 856 De
1115 808 1340 857 Etrusca
1369 808 1665 871 Disciplina
1684 797 1881 859 'librum
1915 808 2186 874 scripsisse
2223 808 2418 861 dicitur
2452 811 2506 861 in

311 888 380 937 In
420 887 501 936 icc
547 887 616 936 ib.
637 899 717 935 ιι.

1378 1029 1535 1086 X.,

380 1157 629 1223 Xanthus,
665 1158 1017 1214 Historiarum
1050 1166 1233 1211 auctor
1269 1167 1505 1222 vocatus,
1537 1173 1676 1210 xxv.
1707 1164 1758 1211 5.
1780 1160 2081 1212 -Sardianus
2121 1159 2252 1212 fuit:
2293 1158 2525 1226 Olymp.'

310 1239 526 1289 circiter
548 1253 679 1290 Lxx.
707 1238 916 1291 floruit:
957 1241 1163 1305 scripsit
1183 1240 1250 1291 de
1274 1241 1449 1292 Rebus
1472 1241 1673 1305 Lydia,
1689 1247 1827 1292 teste
1847 1241 2106 1292 Strabone
2130 1243 2166 1291 1.
2196 1255 2298 1292 ¹11.
2319 1256 2373 1306 p.
2389 1245 2505 1291 572.

308 1319 537 1384 Dionys.
559 1320 732 1372 Halic.
758 1322 850 1371 lib.
873 1336 912 1371 1.
933 1336 984 1385 p.
1004 1325 1087 1371 22.
1118 1328 1174 1372 et
1196 1320 1453 1372 Athenaeo
1477 1321 1566 1371 lib.
1585 1335 1688 1372 ιιι.
1712 1336 1765 1386 p.
1786 1325 1900 1372 515.
1965 1323 2100 1373 Item
2124 1317 2505 1387 Magica‚'teste

309 1397 597 1451 Clemente
621 1401 775 1452 Alex.
794 1403 1044 1454 stromat.
1067 1403 1158 1453 lib.
1185 1416 1272 1453 ιιι.
1297 1418 1347 1468 p.
1364 1406 1479 1454 431.
1505 1409 1560 1452 et
1583 1401 1792 1453 Laertio
1810 1404 1861 1452 in
1887 1402 2053 1454 Praef.
2078 1387 2133 1468 p.
2151 1406 2200 1454 1.

311 1479 318 1494 '
380 1482 686 1545 Xenagoras.
754 1483 929 1548 Hujus
944 1484 1078 1534 liber
1101 1482 1686 1547 primus-chronicorum
1703 1483 1949 1533 laudatur
1965 1484 2032 1533 ab
2051 1482 2317 1547 Apollonii
2336 1484 2509 1535 Schol.

310 1562 383 1612 ad
404 1577 482 1613 lv.
505 1569 621 1616 262.
687 1565 847 1616 Liber
864 1563 971 1628 περὶ
990 1562 1165 1629 νήσων,
1187 1566 1246 1615 de
1268 1564 1464 1626 Ianalis,
1479 1563 1546 1614 ab
1565 1564 1894 1629 Etymoiogo,
1925 1565 2082 1615 verbo
2106 1563 2335 1627 Σφήκεια.
2401 1566 2507 1615 Ex·

307 1650 429 1693 tare
450 1645 494 1693 is
514 1645 648 1696 liber
669 1646 864 1696 dicitur
898 1646 1001 1697 Ms.
1030 1644 1085 1695 in
1121 1643 1262 1695 Bibl.
1297 1645 1570 1701 Vaticana,
1603 1643 1871 1694 referente
1902 1643 1973 1694 P.
2012 1644 2245 1708 Labbeo,
2278 1645 2332 1695 in
2366 1644 2507 1695 Bibl.

310 1723 469 1775 Nova
488 1726 735 1777 librorum
777 1725 908 1776 Mss.
940 1742 992 1792 p.
1014 1729 1128 1778 174.
1197 1725 1380 1776 Patria
1411 1725 1710 1789 Xenagoras
1754 1725 1974 1776 incerta.
2037 1726 2141 1779 Qui
2175 1725 2506 1790 syracusiam

306 1804 530 1869 faciunt,
548 1813 794 1872 corrupto
816 1806 975 1857 Plinii
1009 1808 1124 1858 loco
1151 1804 1352 1857 inducti
1373 1806 1569 1857 suntin
1592 1805 1849 1868 fraudem,
1865 1806 2011 1872 cnjus
2031 1805 2133 1856 loci
2155 1806 2334 1856 vitium
2352 1820 2505 1857 omne

308 1886 604 1939 deteximus
626 1896 684 1939 et
706 1890 1000 1939 sanavimus
1025 1903 1128 1940 vu.
1152 1892 1234 1940 57.

372 1969 668 2020 Xenocrates
689 1970 928 2020 Platonis
966 1969 1192 2035 auditor,
1228 1970 1379 2035 cnjus
1416 1968 1597 2020 Vitam
1625 1967 1866 2019 Laertius
1896 1967 2081 2018 scribit
2114 1967 2207 2018 lib.
2235 1981 2314 2018 xv.
2345 1983 2398 2033 p.
2422 1971 2508 2022 97.

310 2049 478 2100 Extat
500 2048 820 2101 Xenocratis
839 2051 905 2101 de
928 2050 1174 2100 alimento
1193 2064 1259 2099 ex
1284 2048 1600 2115 aquatilibus
1624 2048 1848 2113 libellus,
1862 2063 1978 2099 cum
1999 2048 2123 2102 Jani
2143 2048 2420 2113 Dubravii,
2435 2047 2504 2097 de

311 2126 540 2181 Piscinis
559 2136 614 2181 et
643 2131 878 2181 Piscium
898 2131 1118 2193 naturis,
1150 2130 1514 2181 lucubratione
1545 2117 1783 2181 excusus.
1849 2129 2059 2180 citatur
2080 2128 2167 2180 bic
2187 2128 2505 2180 Xenocratis

309 2212 446 2262 liber
467 2211 533 2261 ab
562 2211 805 2262 Oribasio
823 2212 859 2263 1.
881 2225 946 2262 ιι.
979 2227 1028 2262 c.
1046 2215 1128 2261 58.
1159 2227 1208 2275 p.
1228 2215 1312 2261 25.
1377 2210 1530 2260 Idem
1570 2211 1737 2260 multo
1777 2208 2086 2276 locupletior
2123 2216 2417 2260 asservatur
2448 2208 2504 2259 in

310 2292 449 2344 Bibl.
473 2293 659 2357 Regis,
680 2299 821 2350 teste,
837 2293 901 2343 P.
925 2291 1141 2342 Labbeo
1163 2292 1216 2341 in
1239 2304 1373 2342 nova
1394 2290 1535 2341 Bibl.
1560 2291 1691 2342 Mas.
1713 2289 1894 2341 libror.
1916 2305 1970 2354 p.
1996 2293 2113 2340 12⁷.
2144 2297 2202 2341 et
2229 2290 2281 2340 in
2295 2287 2505 2341 Vatica-

310 2388 401 2437 na,
423 2388 538 2424 cnm
563 2374 699 2425 libro
721 2372 957 2438 ejusdem
990 2371 1098 2436 περὶ
1132 2370 1298 2432 λίθον,
1326 2374 1386 2422 de
1412 2372 1643 2433 Geminis,
1684 2378 1744 2422 ut
1768 2371 2001 2422 nitidem
2026 2385 2080 2437 p.
2104 2375 2219 2422 174.
2282 2369 2508 2435 Scripsit

311 2461 369 2506 et
387 2456 491 2506 alia
511 2456 751 2520 plurima,
772 2469 989 2520 qnorum
1012 2454 1245 2512 Iudicem
1267 2451 1504 2504 La'e‘rtius
1521 2451 1756 2517 exbibet,
1779 2467 1834 2518 p.
1851 2455 1935 2503 99.

376 2538 683 2593 Xenocrates,
701 2536 788 2601 qni
809 2537 875 2585 de
899 2535 1154 2586 toreutice
1175 2533 1409 2599 scripsit,
1423 2534 1632 2599 insignis
1645 2533 1750 2584 fuit
1768 2530 2013 2599 pingendi
2033 2529 2358 2596 caelandique
2375 2528 2504 2578 arti-

310 2618 421 2669 fex.
485 2617 760 2667 Tisicratis
797 2617 1081 2680 discipulus
1118 2614 1277 2665 fuisse
1314 2615 1509 2666 dicitnr
1547 2627 1751 2665 xxxw.
1795 2618 1877 2666 19.
1963 2610 2243 2661 Tisicrates
2274 2609 2506 2675 Lysippi.

312 2700 432 2750 Fuit
453 2704 627 2750 autem
650 2698 908 2763 Lysippus
927 2696 1215 2747 Alexandri
1244 2698 1319 2747 Μ.
1338 2696 1682 2761 temporibus.
1747 2695 1960 2745 vixisse
1986 2693 2148 2758 igitur
2179 2704 2394 2741 necesse
2422 2695 2505 2738 est

309 2780 450 2832 bunc
470 2781 823 2831 Xenocratem
845 2778 1152 2828 statuarium
1174 2784 1333 2827 oetate
1351 2777 1629 2827 Ptolemoei
1651 2774 2003 2840 Philadelphi.

380 2863 679 2914 Xenocrates
698 2859 929 2921 Zenonis,
943 2859 1009 2909 de
1031 2859 1136 2924 qno'
1153 2859 1358 2909 Plinius
1379 2858 1433 2908 in
1457 2857 1644 2908 Indice
1662 2857 1754 2907 lib.
1772 2868 1985 2908 xxxin.
2009 2866 2185 2904 xxxv.
2207 2857 2263 2902 et
2278 2863 2505 2902 xxxvn.

310 2942 592 3008 Ephesium
611 2940 748 2990 bunc
767 2938 949 2995 fuisse,
982 2938 1307 3002 eundemque
1332 2937 1563 2988 Neronis
1584 2950 1647 2986 ac
1672 2935 1985 3000 Vespasiani
2015 2948 2128 2983 aevo
2157 2931 2368 2987 vixisse,
2398 2931 2505 2981 Pli-

311 3024 433 3073 nius
454 3023 610 3074 docet
633 3034 856 3074 xxxvn.
877 3025 958 3072 11.
1026 3021 1109 3070 De
1132 3019 1337 3083 pictura
1358 3017 1646 3080 scripsisse,
1665 3029 1845 3067 xxxv.
1861 3018 1943 3065 85.

382 3105 647 3168 Xenophon
668 3102 1021 3163 Atheniensis,
1032 3100 1186 3164 cujus
1204 3099 1379 3149 Vitam
1403 3097 1639 3149 Laertius
1661 3095 1931 3159 describit,
1949 3093 2042 3143 lib.
2064 3105 2129 3143 n.
2153 3106 2206 3156 p.
2220 3095 2306 3141 45.
2359 3091 2503 3140 Prae-

311 3192 400 3236 ter
422 3184 578 3249 Κύρου
594 3182 822 3240 παιδείαν,
844 3183 1048 3247 aliaque
1070 3196 1187 3246 quae
1207 3186 1413 3241 extant,
1442 3178 1717 3243 scripsisse
1748 3175 2018 3240 Periplnm
2040 3181 2239 3224 certum
2256 3177 2360 3233 est,
2394 3178 2505 3220 tum

310 3280 381 3316 ex
403 3265 617 3315 Valerio
637 3265 786 3316 Max.
810 3276 937 3316 viii.
976 3266 1055 3312 13.
1090 3268 1199 3311 tum
1222 3274 1288 3310 ex
1325 3260 1504 3310 Plinio
1525 3259 1612 3324 qni
1629 3256 1897 3308 Valerium
1921 3261 2003 3305 ast
2022 3259 2255 3313 secutus,
2288 3264 2393 3301 vn.
2420 3253 2507 3301 49.

311 3350 413 3399 nisi
435 3347 574 3399 forte
595 3349 639 3398 is
654 3344 972 3410 Xenophon,
991 3344 1138 3408 cnjus
1159 3342 1428 3406 Periplnm
1449 3353 1513 3390 eo
1545 3339 1649 3390 loci
1688 3337 1947 3403 appellat,
1968 3335 2106 3384 alter
2125 3331 2193 3382 ab
2216 3332 2306 3381 illo
2325 3331 2504 3383 Xeno·

310 3430 509 3495 plionte
529 3428 717 3478 fuerit:
750 3426 1007 3491 Ephesius
1030 3422 1286 3485 fortassis,
1303 3422 1454 3486 cujus
1474 3420 1781 3484 Ephesiam,
1803 3416 1951 3467 libris
1973 3420 2095 3466 octo
2112 3414 2506 3478 comprehensa,

308 3510 510 3563 servari
533 3510 609 3559 ait
631 3509 682 3558 in
716 3506 852 3557 Bibl.
884 3503 1180 3555 Florentius
1204 3501 1444 3552 Labbeus
1470 3501 1527 3554 iu
1557 3513 1694 3549 nova
1715 3497 1856 3548 Bibl.
1875 3495 2124 3547 librorum
2148 3494 2281 3544 Mss.
2317 3508 2370 3558 p.
2394 3497 2509 3543 174.

309 3590 678 3654 Xenophontis
709 3587 895 3653 prioris
916 3592 1101 3636 extant
1121 3583 1410 3649 fragmenta
1435 3582 1640 3648 aliquot
1659 3582 1712 3630 in
1735 3580 2032 3629 Γωπονυοῦν
2049 3574 2217 3633 libris,
2251 3581 2507 3637 excerpta

308 3688 381 3725 cx
403 3688 562 3737 opere
577 3670 646 3720 de
662 3670 741 3721 Re
764 3667 1001 3719 Rustica.

382 3753 648 3818 Xenophon
670 3751 1037 3814 Lampsacenus.
1103 3746 1369 3797 Laudatus
1391 3759 1423 3795 a
1442 3741 1623 3794 Solino
1642 3755 1691 3793 c.
1714 3744 1799 3793 19.
1817 3753 1873 3805 p.
1891 3742 1974 3789 88.

1382 3909 1444 3958 Z.

381 4029 635 4080 Zac-ludim
656 4026 968 4093 Babylonius,
990 4024 1077 4090 qui
1096 4024 1257 4076 libros
1280 4022 1546 4086 scripsisse
1570 4020 1637 4069 de
1659 4017 1890 4070 Geminis
1911 4015 2105 4067 dicitur
2136 4012 2203 4066 ad
2231 4012 2507 4064 Mithrida·

312 4118 425 4163 tem
447 4112 669 4175 Regem.
689 4121 912 4159 xxxvu.
934 4111 1019 4157 00.
1083 4105 1184 4156 Ille
1204 4103 1461 4165 fortassis,
1492 4101 1583 4166 qui
1618 4099 1847 4164 Apuleio
1883 4097 2032 4147 Asin.
2068 4094 2195 4145 Aur.
2230 4093 2320 4144 lib.
2352 4106 2419 4143 ιι.
2449 4107 2503 4157 p.

313 4198 437 4245 21³.
463 4193 479 4220 ‘
495 4188 1035 4253 Zacblas-AEgyptins,
1055 4186 1323 4250 Propheta
1345 4180 1650 4250 primarius:
1680 4182 1779 4231 boc
1799 4186 1900 4236 est.
1919 4178 2107 4241 Magna
2131 4174 2441 4239 appellatur.

382 4273 528 4325 Zeno.
594 4270 717 4323 Non
752 4268 897 4320 illum
931 4266 1126 4319 Stoicae
1153 4265 1443 4332 disciplinas
1480 4262 1772 4330 principem
1789 4258 1991 4312 landari
2013 4272 2047 4309 a
2066 4255 2239 4307 Plinio
2262 4252 2506 4307 arbitror,
