3000 4917
484 353 661 420 4492
1219 368 1283 417 c.
1329 367 1573 417 remu
1622 366 1949 418 saccum

486 520 615 597 tur,
647 518 847 597 atque
898 513 1155 578 colluat
1177 534 1194 579 ε
1217 520 1248 561 4
1302 521 1372 578 et
1426 515 1563 579 oris
1611 513 1953 578 ulceribus
1997 512 2333 593 gravibuS,
2381 531 2678 597 quaeque

487 625 784 700 serpunt.
876 614 1155 681 Urit=1r¹¹
1200 619 1657 694 carbonibuS,⁵
1701 623 1780 679 ut
1807 616 2141 680 chalcitiS.

572 716 1081 807 xxxa-Misyi
1123 718 1336 803 aliqui
1385 719 1785 783 tradiderunt
1830 719 1973 782 fieri
2016 725 2259 782 exusto
2301 714 2563 801 lapidej
2608 718 2683 781 in

481 821 857 895 scrobibus,
887 821 1032 884 flori
1078 820 1221 904 ejus
1266 820 1447 884 luteo
1493 821 1817 883 miscente
1869 838 1944 882 se
1994 820 2152 901 ligni
2200 819 2381 902 pinei
2425 820 2679 884 favilla.

483 921 748 986 Revera
794 931 1012 988 autem
1060 944 1098 987 e
1147 922 1535 1006 supradicto
1579 920 1658 984 fit
1702 920 1947 1004 lapide,
1979 929 2364 986 concretum
2413 930 2678 998 natura,

413 1080 424 1088 ,
481 1025 994 1109 discretumque,
1039 1033 1110 1088 et
1164 1026 1486 1108 optimum
1534 1025 1601 1087 in
1656 1022 2061 1106 Cypriorum
2115 1022 2436 1089 officinis:
2481 1023 2679 1107 cujus

480 1134 657 1192 notae
688 1125 890 1191 sunt*
934 1127 1110 1192 friati
1157 1147 1384 1190 aureae
1417 1126 1755 1203 scintillae,
1783 1132 1876 1202 et,
1911 1146 2062 1190 cum
2095 1133 2363 1204 teratur,
2391 1145 2676 1190 arenosa

477 1239 738 1306 natura,
772 1230 917 1294 sive
948 1236 1176 1307 terrea,
1208 1229 1556 1294 chalcitidi
1586 1228 1845 1292 similis.
1934 1229 2094 1292 Hoc
2122 1229 2514 1306 admiscent,
2554 1228 2678 1312 qui

478 1350 703 1395 aurum
738 1340 1043 1415 purgant.
1132 1331 1416 1398 Utilitas
1443 1332 1594 1414 ejus
1638 1332 1847 1396 infusi
1887 1350 2035 1395 cum
2082 1350 2361 1395 rosaceo
2401 1333 2676 1396 auribus

474 1434 877 1516 purulentis:
921 1444 992 1498 et
1035 1436 1107 1498 in
1153 1435 1311 1500 lana
1339 1435 1686 1518 impositi,¹
1733 1436 1977 1519 capitis
2010 1435 2376 1500 ulceribus.
2465 1434 2674 1499 Exte-

473 1546 644 1601 nuat
670 1539 869 1602 etiam
902 1539 1257 1602 scabritias
1282 1538 1624 1603 oculorum
1649 1539 2070 1603 inveteratas.
2120 1535 2479 1620 Praecipue
2502 1537 2671 1601 ntile

473 1638 791 1716 tonsilliS,
820 1648 1186 1722 contraque
1215 1640 1521 1722 anginaS,
1553 1646 1622 1704 et
1645 1647 2045 1723 suppurata.
2116 1639 2351 1717 Ratio,
2377 1646 2449 1704 ut
2479 1640 2674 1704 sede-

474 1741 604 1803 cim
652 1741 989 1806 drachmae
1046 1743 1114 1806 in
1157 1742 1432 1817 hemina,
1489 1744 1667 1808 aceti
1725 1753 2107 1826 coquantur
2158 1742 2395 1806 addito
2448 1741 2671 1820 melle,

471 1842 683 1907 donec
705 1834 1048 1913 lentescat.
1113 1844 1230 1910 Sic
1261 1847 1345 1910 ad
1377 1847 1765 1931 supradicta
1796 1846 1957 1909 utile
1985 1851 2111 1910 est.
2177 1843 2467 1923 Quoties
2496 1863 2673 1927 opus

472 1946 560 2009 sit
590 1946 834 2009 molliri
863 1947 996 2011 vim
1030 1946 1201 2030 ejus,
1234 1949 1365 2012 mel
1394 1950 1793 2032 aspergitur.
1883 1947 2118 2012 Erudit
2164 1953 2231 2011 et
2277 1946 2526 2011 callum
2555 1947 2674 2011 fis-

471 2047 787 2125 tularum,
822 2069 911 2112 ex
942 2056 1136 2115 aceto
1166 2050 1534 2115 foventium
1562 2063 1623 2112 :⁰
1644 2058 1669 2086 ²
1700 2056 1767 2115 et
1797 2050 2100 2134 collyriis
2132 2050 2420 2114 additur.
2472 2050 2669 2114 Sistit

470 2156 539 2213 et
568 2151 978 2231 sanguinem,
1027 2151 1387 2235 ulceraque
1419 2170 1574 2234 quae
1623 2159 1922 2235 serpant,
1967 2169 2208 2235 quaeve
2257 2157 2670 2234 putrescant.

467 2249 785 2315 Absumit
831 2258 898 2315 et
949 2260 1423 2318 excrescentes
1482 2272 1733 2317 carnes.
1843 2252 2290 2318 Peculiariter
2337 2252 2669 2316 virilitatis

464 2353 653 2417 vitiis
685 2354 888 2419 utile:
936 2361 1004 2419 et
1028 2355 1452 2420 foeminarum
1484 2354 1888 2436 profluvium
1925 2355 2128 2418 sistit.

555 2469 829 2520 XXXII.
875 2455 1103 2521 Graeci
1161 2456 1626 2538 cognationem
1682 2456 1839 2520 aeris
1890 2452 2189 2520 nomine¹
2236 2455 2552 2520 'fecerunt
2603 2461 2672 2520 et

527 2631 553 2655 ⁰
584 2622 660 2671 Iis
678 2623 761 2685 qui
782 2629 848 2673 eae‘
863 2628 992 2673 aceto
999 2622 1373 2688 fistulassovent
1392 2622 1532 2685 misy.

1385 2766 1473 2788 00ae
1478 2764 1748 2785 ONNONO

462 2883 560 2930 lec.
584 2882 680 2930 tale
700 2886 787 2931 cst.
852 2881 1003 2942 Mox,
1039 2882 1161 2930 Vet.
1197 2883 1383 2932 Doleo.
1421 2889 1477 2931 et
1513 2883 1695 2932 Diosc.
1721 2884 1846 2945 quod
1875 2887 2028 2931 contr.
2062 2897 2159 2932 non
2194 2883 2481 2945 splendescit
2495 2883 2673 2960 ’misyos

461 2946 617 3006 mdo,
638 2961 726 3008 quo
748 2952 818 2995 est
839 2952 887 2996 et
908 2946 1164 3009 lapidositas
1177 2962 1198 3004 ,·
1232 2944 1465 2996 Gronov.
1489 2954 1545 2997 et
1568 2949 1633 2997 al.
1658 2958 1781 2996 ante
1807 2947 2060 2996 Harduin.
2082 2952 2131 2999 et
2150 2949 2273 3012 misy
2303 2954 2376 2997 est
2396 2948 2666 3011 ἱαρίάοεω.

461 3015 562 3060 --4
595 3011 715 3059 Vct.
740 3012 924 3062 Dalec.
946 3013 1296 3061 collacteam—6
1340 3013 1520 3062 Uritur
1542 3017 1591 3060 et
1608 3012 1885 3061 carbonibus
1905 3012 2024 3062 cod.
2048 3013 2239 3062 Delec.

528 3077 663 3125 CAP.
690 3087 853 3125 xxxi.
924 3082 948 3124 l
988 3077 1117 3127 Cod.
1143 3077 1334 3127 Dalec.
1356 3077 1698 3142 impositae—2
1734 3077 1864 3126 Cod.
1892 3079 2073 3127 Dalee.
2093 3077 2226 3137 fotu.

1457 3238 1674 3289 NOTAE

458 3347 789 3399 Dioscorides
813 3366 1018 3415 quoque
1054 3352 1303 3416 prodidit,
1329 3367 1382 3401 v.
1408 3356 1521 3403 119.
1602 3351 1732 3402 Mla-v
1751 3351 1803 3402 δὲ
1823 3349 2163 3415 παραληπτέον
2177 3351 2236 3401 τὸ
2254 3350 2474 3416 Κύπριον,
2489 3367 2666 3415 χρυσο·

450 3424 602 3471 'lam
625 3421 678 3471 δὲ
698 3423 777 3472 καὶ
799 3423 1109 3488 ὀδονταλγίας
1140 3426 1435 3489 ἐντιθέμενον
1459 3427 1524 3477 εἰς
1602 3429 1765 3493 φανὲς,
1811 3429 2036 3493 σκληρὸν,
2075 3428 2154 3478 καὶ
2192 3429 2246 3477 ἐν
2274 3430 2349 3490 τῷ·
2383 3431 2667 3493 θραυσθῆναι

456 3498 521 3548 τὰ
540 3499 785 3564 βρώματα,
806 3501 884 3550 καὶ
904 3501 1016 3553 τοὺς
1036 3502 1304 3554 &neodhom-
1320 3502 1371 3552 δὲ
1390 3502 1523 3552 ὀδόν·
1601 3504 1847 3571 χρυσίζον,
1880 3506 1959 3555 καὶ
1996 3502 2300 3560 ἀποστίλβον
2338 3504 2666 3566 ἂστεροειδῶς.

453 3590 547 3628 τας
578 3577 809 3641 κρατύνει.
864 3579 1037 3628 Dolori
1069 3582 1286 3629 dentium
1306 3581 1524 3629 cavernis
1604 3583 1740 3648 Misy
1763 3585 2088 3632 assumendum
2103 3582 2296 3630 natione
2314 3574 2667 3644 Cypriumuu·

455 3668 614 3704 eorum
637 3654 845 3705 iudicum
879 3657 1093 3705 medetur
1106 3672 1125 3705 .·
1158 3659 1339 3706 eosdem
1360 3657 1522 3706 laban-
1601 3660 1856 3722 rispeciem
1866 3656 2227 3720 praeseferens,
2242 3671 2298 3704 ac
2313 3661 2500 3714 durum,
2519 3659 2666 3720 quod-

429 3756 431 3758 *
453 3738 526 3782 tes
532 3732 724 3798 firmat.
1601 3752 1710 3800 que,
1731 3740 1840 3785 dum
1846 3735 2058 3798 friatur,
2081 3736 2240 3785 aureis
2260 3736 2402 3784 micet
2422 3735 2666 3800 scintillis,

521 3810 546 3844 ¹¹
587 3811 783 3875 Uritur]
818 3812 997 3862 Diosc.
1022 3813 1121 3861 loc.
1145 3812 1237 3862 cit.
1597 3828 1654 3862 ac
1674 3814 1826 3861 stelloe
1844 3813 1974 3859 modo
1993 3812 2299 3874 splendescat.

520 3887 538 3921 ¹
566 3887 727 3952 Misy]
791 3888 920 3937 Μίσυ
965 3889 1262 3938 Dioscoridi
1304 3903 1357 3939 v·
1405 3892 1518 3940 11⁷.
1663 3888 1678 3922 ¹
1714 3888 1879 3937 Groect‘
1918 3887 2249 3949 cognationem
2288 3886 2402 3935 «ταῖς
2451 3888 2663 3951 nomine]

455 3963 686 4025 Nostris,
723 3967 984 4028 Conperose
1003 3966 1173 4029 jaune,
1205 3980 1297 4015 seu
1317 3966 1514 4015 Vitrio-
1599 3966 1753 4015 Hanc
1775 3965 1996 4014 nominis
2036 3963 2340 4012 affinitatem
2363 3963 2502 4012 idem
2541 3964 2690 4029 alibi,

453 4043 560 4091 lum
583 4042 890 4101 Romanum.
1597 4042 1943 4102 gentilitatem
1968 4049 2152 4090 vocat:
2190 4041 2339 4104 cujus
2368 4040 2665 4101 occasione,

467 4122 472 4125 “
514 4115 532 4159 J
571 4116 759 4165 Exusta
800 4116 978 4180 lapide]
1044 4119 1211 4168 Quem
1255 4119 1514 4168 chalcitim
1598 4125 1659 4167 ut
1678 4117 1804 4165 alias
1827 4119 2137 4179 monuimus,
2159 4116 2224 4166 de
2243 4117 2397 4166 rebus
2412 4117 2519 4179 agit
2539 4118 2664 4166 alio·

456 4202 668 4251 vocant,
688 4200 743 4240 ut
766 4193 961 4241 dictum
986 4199 1069 4241 est
1090 4193 1238 4243 initio
1260 4208 1376 4257 cap.
1399 4197 1482 4243 29.
1600 4193 1688 4257 qui
1712 4192 2022 4255 disparibus,
2046 4206 2140 4241 nec
2174 4192 2275 4240 alia
2298 4207 2374 4256 re,
2398 4192 2495 4242 nisi
2521 4194 2661 4243 vocis

518 4267 545 4305 Β
583 4268 733 4330 cnjus
750 4275 875 4320 ποίεε
902 4269 1038 4333 sunt]
1071 4269 1250 4318 Diosc.
1285 4270 1387 4320 loc.
1420 4269 1512 4320 cit.
1598 4283 1742 4326 sono,
1764 4270 2030 4319 connexis.
