3000 4917
388 381 395 390 ·
453 343 626 412 4440

456 512 668 569 torum
698 502 1181 585 quinquaginta
1209 498 1537 584 quinquej
1569 501 1828 566 dierum
1848 509 1872 537 ²
1904 499 2098 578 now,
2131 465 2255 585 per
2299 500 2642 585 'significa‘—

453 606 696 669 tionem
728 604 927 679 anni,³
976 604 1292 685 temporis
1322 609 1393 667 ‘et
1420 603 1556 668 aevi
1600 622 1677 667 se
1716 589 1984 667 Deumix
2031 603 2402 670 indicaret:
2451 601 2648 685 signa

456 725 724 789 quoque
773 702 1185 769 Tuscanica¹
1246 724 1364 787 per
1408 710 1615 769 terras
1660 704 1990 786 dispersa,
2046 724 2200 788 quae
2250 706 2324 767 in
2375 703 2646 770 Etruria

450 806 756 872 factitata
799 826 934 871 non
978 814 1086 870 est
1128 807 1461 871 ‘dubiumst
1548 806 1848 870 Deorum
1893 814 2147 870 tantum
2198 809 2520 887 putarem?
2562 810 2647 868 ea

1170 359 1252 405 c.
1305 357 1551 411 PLINII
1596 357 1928 407 SECUNm
1995 397 2000 402 .
2053 367 2076 392 -'

446 907 710 984 -fuisse,⁵
741 907 810 970 ni
841 906 1269 971 Metrodorus
1298 906 1647 989 δωρείας,
1678 908 1789 971 cui
1822 915 2248 989 cognomen-¹¹¹
2278 927 2322 971 a
2352 906 2645 971 Romani
2749 898 2758 904 ’
2841 893 2846 900 ’

450 1009 740 1073 nominis
789 1009 949 1073 odio
1001 1009 1278 1073 inditum
1329 1014 1457 1085 est,
1509 1016 1786 1091 propter
1828 1009 1962 1072 duo
2007 1009 2217 1073 millia
2268 1015 2643 1082 statuarum

452 1106 806 1175 Volsinios
854 1120 1272 1193 expugnatos
1315 1109 1656 1194 objiceret.
1742 1108 2131 1194 Mirumque
2160 1110 2323 1174 mihi
2354 1109 2643 1184 videtur,

452 1228 603 1275 cum
634 1219 1008 1277 statuarum
1038 1214 1222 1294 origo
1253 1217 1385 1277 tam
1419 1218 1618 1277 vetus
1660 1212 1729 1275 in
1761 1212 1966 1278 Italia
1994 1213 2106 1289 sit,
2151 1210 2376 1293 lignea
2409 1210 2643 1293 potius

1361 1394 1659 1415 OmMOO
1665 1395 1697 1413 ὁ

449 1524 483 1570 2
518 1519 533 1547 ‘
560 1519 646 1571 Ita
675 1529 730 1572 et
771 1522 906 1573 bene
945 1525 1049 1578 Ms.
1089 1526 1221 1590 Reg.
1255 1530 1305 1575 8.
1339 1534 1395 1577 et
1425 1527 1663 1592 eruditus
1696 1526 1998 1585 Harduinus
2021 1526 2071 1574 in
2096 1526 2260 1574 altera
2281 1537 2373 1573 sua
2394 1521 2645 1572 editione.

443 1586 795 1654 ,Temporibus
822 1590 956 1637 enim
996 1591 1039 1638 N
1048 1605 1179 1640 umae
1201 1606 1361 1639 sunus
1386 1590 1487 1640 fuit
1506 1600 1710 1646 ,tautum
1736 1591 1934 1641 dierum
1961 1587 2209 1640 CCCLV.
2271 1588 2335 1637 In
2359 1589 2486 1638 Mss.
2513 1587 2650 1650 Reg.

449 1652 500 1698 2.
518 1655 573 1698 5.
595 1659 648 1699 et
666 1652 902 1703 editione
939 1656 1192 1718 principe,
1225 1656 1529 1706 CCCLXV.
1566 1656 1763 1705 dier-ani.
1832 1655 1933 1704 Sed
1956 1655 2055 1704 hoc
2090 1667 2154 1702 ex
2182 1653 2471 1702 recentiore
2497 1665 2588 1699 usu
2611 1663 2646 1698 a

449 1713 674 1764 librariis
707 1719 1011 1779 repositum,
1037 1720 1173 1782 quod
1200 1734 1384 1768 annum
1410 1729 1661 1769 noverant
1687 1733 1804 1770 esse
1824 1719 2022 1769 dierum
2060 1719 2302 1770 CCCLX
2308 1715 2385 1767 V.’
2419 1716 2649 1766 Brotier.

448 1779 722 1841 sexaginta,
765 1785 848 1844 qv.
885 1782 1115 1833 Gronov.
1151 1791 1207 1832 et
1246 1785 1521 1847 vulgg.—3
1556 1786 1571 1812 ‘
1597 1786 1698 1834 Per
1728 1784 2123 1848 significationem
2153 1782 2291 1845 anni]
2322 1781 2406 1830 Ita
2429 1778 2643 1843 'quidem

446 1843 604 1898 codd.
630 1845 795 1907 Regg.
818 1855 872 1896 et
897 1848 1073 1896 Editio
1097 1849 1358 1911 princeps.
1426 1848 1743 1913 Redundare
1767 1856 1935 1897 tamen
1957 1849 2068 1897 haec
2084 1848 2206 1896 milii
2222 1846 2483 1902 videntur,
2503 1853 2559 1892 ut
2582 1853 2641 1892 et

447 1905 610 1956 visum
635 1910 841 1959 erudito
859 1912 1163 1974 Torrenti03
1201 1921 1257 1961 et
1281 1912 1507 1966 aberant
1538 1913 1606 1962 ab
1629 1914 1738 1976 ejus
1764 1913 2120 1976 antiquissimo
2133 1913 2249 1960 Ms.
2270 1909 2484 1960 codice.'
2516 1909 2650 1958 Bro-

447 1971 558 2021 tier.
611 1978 758 2032 annui
779 1975 904 2027 Vet.
937 1977 1218 2027 Deleta—4
1257 1978 1524 2041 Thuscana,
1557 1981 1641 2042 qv.
1665 1978 1804 2037 sacta
1835 1993 1924 2026 non
1945 1983 2017 2026 est
2040 1976 2230 2025 dubium
2251 1976 2371 2025 Vct.
2396 1973 2650 2023 Dulce.—

1438 2122 1651 2173 NOTAE

448 2212 675 2264 otmar.
756 2199 1021 2267 Januartus
1044 2252 1149 2269 ....
1173 2218 1279 2268 Atii
1307 2220 1530 2283 fingunt·

442 2290 600 2352 ipsum
651 2294 824 2343 dextra
872 2299 1030 2343 tenere
1069 2310 1315 2345 numerum
1357 2297 1511 2345 CCC.

1587 2219 1786 2268 dierum
1803 2233 1919 2268 esse
1939 2217 2257 2268 solummodo
2276 2215 2505 2266 sciverit.
2535 2197 2642 2263 Sed

1587 2293 1826 2358 perfecta
1861 2294 2195 2342 dimensione·
2217 2293 2336 2345 anui
2368 2307 2397 2340 a
2434 2292 2646 2342 Caesare

440 2364 645 2415 sinistra
677 2383 788 2417 vero
827 2370 933 2419 LX
943 2370 998 2418 V.
1035 2377 1090 2420 at
1126 2386 1299 2421 annum
1335 2386 1509 2435 repra-

445 2447 617 2505 senece,
635 2458 696 2492 ex
717 2449 834 2496 865.
854 2447 1016 2495 diebus
1036 2453 1342 2497 constantem.
1409 2448 1511 2496 Co·

449 2517 596 2567 dinus
644 2520 766 2569 item
809 2523 861 2570 in
902 2523 1365 2587 Constantinopoli,
1403 2522 1512 2588 περὶ

444 2593 726 2656 &vinitores
759 2596 924 2648 Ἰάνου.
992 2588 1226 2664 Denique
1263 2600 1511 2649 Nicolsus

449 2671 749 2734 Smyrnaeus
786 2673 1128 2737 Astabasdas,
1157 2673 1330 2723 libello
1357 2690 1509 2738 quem

446 2747 752 2811 conscripsit
796 2763 859 2797 ea
901 2750 967 2799 de
1023 2764 1097 2811 re,
1150 2747 1378 2814 ἔκφρωσιν
1425 2752 1511 2802 τοῦ

445 2825 728 2892 dam-yma&
744 2824 934 2889 μέτρου,
949 2826 1201 2875 Metellus
1222 2827 1407 2889 edidit,
1428 2842 1512 2876 ca·

446 2898 562 2962 pita
594 2913 661 2949 ex
694 2915 757 2949 eo
788 2901 1051 2964 praecipua
1072 2902 1332 2965 excerpsit
1352 2902 1511 2950 Caus-

444 2974 584 3025 sinus
620 2984 815 3039 noster,
856 2977 907 3028 in
949 2977 1272 3041 Eloquentiae
1313 2977 1509 3027 Parall.

448 3050 515 3101 de
538 3051 790 3101 Pronum.
827 3060 882 3102 et
914 3052 1083 3101 Gestu
1121 3066 1202 3102 rx.
1238 3068 1292 3116 p.
1323 3057 1508 3103 565.—

448 3127 464 3153 ‘
485 3127 595 3177 Nos
617 3142 737 3177 vero
759 3142 865 3178 rem
886 3128 1166 3191 simplicius
1184 3130 1509 3192 exponimus.

447 3203 818 3254 Existimamus
840 3203 973 3253 enim
1008 3209 1115 3253 tres
1150 3204 1352 3267 priores
1377 3204 1506 3266 digi-

447 3285 531 3329 tos
553 3278 628 3334 ita
650 3287 908 3334 curvatos,
933 3287 990 3330 ut
1024 3280 1222 3328 literam
1249 3281 1291 3329 C
1316 3288 1396 3328 ter
1417 3295 1508 3329 ex·

444 3355 703 3411 biberent,
726 3370 787 3404 ac
811 3355 1027 3418 proinde
1045 3370 1311 3404 numerum
1330 3361 1508 3406 trecen-

445 3433 630 3481 toru'm:
664 3438 905 3494 quartum
929 3430 1116 3480 deinde
1142 3431 1357 3496 digitum
1377 3433 1507 3481 volae.

447 3520 768 3570 oppressum,
823 3513 878 3554 et
921 3507 1085 3555 iiterae
1130 3507 1174 3555 L
1219 3507 1511 3579 similitudi-

445 3597 584 3645 nem,
628 3597 689 3631 ac
737 3577 963 3645 proinde
1014 3583 1509 3647 quinquagenarium

445 3673 710 3709 nnmerum
738 3674 752 3707 ε
812 3657 1030 3722 digitum
1087 3659 1308 3724 denique
1362 3661 1510 3709 mini·

448 3750 586 3785 mum
635 3735 826 3784 leniter
872 3732 1137 3798 inflexum,
1180 3743 1238 3786 ut
1284 3736 1350 3797 V,
1391 3752 1509 3802 quae

441 3811 615 3877 forma
652 3810 874 3876 quinarii
925 3819 1027 3880 est,
1076 3817 1514 3876 repraesentaret.’

448 3888 547 3937 Ed.
566 3902 660 3936 sec.

510 3962 529 4005 i
563 3960 924 4025 Quinquaginta
945 3962 1249 4027 [sexaginta]
1282 3965 1509 4029 quinque]

449 4038 537 4087 Ita
559 4039 691 4099 Reg.
713 4042 763 4087 2.
787 4053 887 4088 non
909 4039 1271 4105 quinquaginta,
1301 4050 1359 4091 nt
1393 4042 1511 4092 libri

449 4111 562 4165 fere
585 4127 761 4163 omnes
784 4114 911 4162 editi
934 4131 947 4164 ε
983 4116 1082 4163 etsi
1107 4130 1296 4166 annum
1320 4118 1509 4182 Numa,

449 4189 538 4256 qui
559 4189 884 4240 simulacrum
904 4189 1001 4241 hoc
1022 4188 1303 4250 dedicavit,
1320 4183 1508 4244 ccccv.

1586 2370 1889 2434 constituta,-
1911 2370 2193 2431 digitorum
2225 2367 2440 2431 figuram
2477 2376 2647 2416 mutir-

1587 2451 1691 2494 tsm
1745 2458 1857 2494 esse
1914 2443 2208 2494 credimus:
2244 2442 2646 2505 astipulantibus

1584 2521 1819 2584 inprimis
1842 2521 1960 2569 huic
1984 2520 2193 2569 lectioni
2218 2519 2507 2580 Macrobio,
2528 2518 2645 2567 Sui·

1586 2598 1672 2658 da,
1728 2595 1947 2647 Codino.
1968 2596 2069 2633 —-‘
2096 2595 2494 2657 Quinquaginta]
2559 2594 2647 2644 lta

1586 2671 1925 2733 probatissimi
1959 2672 2084 2720 Μαι.
2107 2679 2160 2719 et
2182 2671 2298 2720 libri
2333 2685 2511 2719 onmes
2533 2669 2646 2718 edi-

1587 2748 1661 2797 ti:
1702 2762 1765 2796 eo
1804 2748 1941 2811 quod
1983 2762 2171 2796 anuum
2213 2748 2404 2809 Numa,
2446 2747 2531 2810 qui
2577 2747 2647 2795 si·

1585 2825 1867 2874 mulacrum
1921 2826 2019 2874 boc
2070 2825 2350 2885 dedicavit,
2398 2824 2643 2874 CCCLV.

1585 2900 1786 2949 dierum
1852 2914 1966 2949 esse
2032 2901 2350 2949 solummodo
2413 2899 2646 2949 sciverit.

1586 2977 1816 3035 Primus,
1836 2976 2039 3039 opinor,
2064 2976 2350 3031 Manutius,
2371 2974 2423 3023 in
2458 2974 2646 3023 editio-

1584 3065 1652 3100 ne
1673 3066 1764 3102 sua
1788 3052 1907 3099 anni
1931 3055 2075 3100 1559.
2112 3051 2456 3116 quinquaginta
2480 3056 2647 3099 muta-

1585 3128 1660 3176 vit
1682 3127 1732 3175 in
1752 3126 2041 3189 sexaginta.’
2079 3126 2177 3177 Ed.
2201 3140 2306 3186 sec.

1648 3202 1675 3237 ¹¹
1705 3204 1821 3253 AEvi
1849 3218 1899 3252 se
1935 3203 2118 3265 Deum]
2154 3202 2473 3264 Codinus.„in
2509 3203 2646 3254 Cou-

1584 3278 1943 3343 stantinopoli,
1967 3294 2019 3343 p.
2042 3282 2121 3327 13.
2155 3277 2323 3328 ὡσανεὶ
2355 3275 2536 3341 πατέρα
2554 3279 2647 3332 τοῦ

1585 3354 1780 3419 χρόνον.

1649 3432 1663 3466 ¹
1696 3434 1852 3495 Signa
1894 3447 2070 3495 quoque
2117 3429 2398 3492 Tuscanica]
2433 3430 2647 3480 Plriaias

1588 3524 1791 3574 quoque
1825 3524 2006 3559 aureas
2041 3510 2093 3557 in
2125 3509 2315 3558 Tuscia
2354 3507 2648 3560 elaboratas

1585 3585 1767 3634 laudat
1784 3585 1977 3635 Critias
2000 3584 2159 3648 poeta
2180 3583 2319 3647 apud
2336 3581 2531 3633 Athen.
2555 3584 2649 3634 tib.

1586 3674 1625 3709 1.
1650 3676 1701 3723 p.
1724 3664 1805 3709 28.
1859 3659 2072 3724 Τυρσηνὴ
2093 3658 2155 3708 8ὲὶ
2165 3661 2331 3724 κρατεῖ
2345 3657 2650 3721 xpvcdrvaeos

1584 3734 1756 3799 φιάλη.
1820 3737 2043 3785 Duriora
2077 3736 2226 3799 signa
2261 3744 2317 3784 et
2346 3736 2649 3784 Tuscanicis

1588 3811 1839 3876 proxima,
1862 3811 1935 3860 ait
1960 3810 2179 3863 Quintil.
2200 3823 2303 3874 xri.
2341 3814 2420 3859 10.
2456 3825 2508 3872 p.
2530 3814 2649 3864 894.

1587 3896 1646 3939 ut
1669 3887 1912 3951 rigidiora
1936 3885 2092 3936 fuisse
2126 3886 2413 3935 Tuscanica
2447 3885 2645 3936 innuat.

1586 3964 1735 4013 Idem
1773 3978 1823 4026 p.
1846 3967 1959 4012 892.
1989 3969 2189 4012 statuas
2213 3962 2428 4014 Graecas
2450 3962 2646 4012 Tusca·

1586 4039 1714 4088 uicis
1735 4036 2026 4100 anteponit.

1651 4123 1688 4148 ¹¹¹
1725 4115 1819 4165 Cui
1834 4112 2108 4175 cognomen]
2141 4112 2477 4171 Misoromaei‚
2497 4119 2555 4164 ut
2574 4112 2652 4165 di·
2701 4139 2712 4150 ι

1585 4205 1759 4242 cemus
1785 4191 1836 4240 in
1860 4189 2146 4241 Auctorum
2171 4188 2369 4241 Indice.
