3000 4917
523 347 698 413 4482
1262 366 1325 412 c.
1374 366 1623 414 ammi
1664 365 1999 420 saeuum
2056 374 2061 381 ·

528 518 799 576 autem⁸
842 509 1107 575 cadmia
1148 511 1220 573 in
1269 508 1479 594 Cypri
1524 511 1907 574 fornacibus
1952 509 2227 593 optima,
2270 508 2639 594 iterumque
2683 531 2728 578 a

526 613 810 678 medicis
858 614 1237 696 coquitur¹³
1285 614 1579 677 carbone
1640 633 1832 695 puro,
1881 620 2080 696 atque
2139 613 2256 677 ubi
2312 614 2381 678 in
2440 615 2728 678 cinerem

525 715 749 792 rediit,
781 715 1190 796 extinguitur
1220 715 1379 778 vino
1411 715 1700 791 amineo,
1730 734 1884 798 quae
1930 714 2018 778 ad
2062 715 2430 797 emplastra
2457 735 2723 798 praepa-

522 810 741 881 ratur}
786 837 943 901 quae
973 836 1133 881 vero
1163 816 1247 879 ad
1282 835 1544 899 psoraS,
1582 823 1794 881 aceto.
1886 815 2176 895 Quidam
2207 819 2276 880 in
2305 817 2505 881 ollis?¹
2549 817 2724 882 ficti-

522 918 699 983 libus
741 926 964 984 tusam
1011 926 1235 996 urunt,
1280 937 1362 982 ac
1406 918 1632 983 lavant
1675 918 1743 982 in
1782 919 2137 996 mortariis,
2167 923 2404 1002 postea
2435 919 2727 984 siccant.

521 1020 1057 1104 'Nymphodorus
1083 1021 1376 1104 lapidem
1406 1021 1632 1104 i-psum
1653 1020 1679 1059 '³
1723 1042 1919 1105 quam
1955 1022 2415 1103 gravissimum
2444 1023 2727 1104 spissis·

522 1123 896 1206 simumque
945 1123 1081 1187 urit
1131 1142 1369 1206 pruna,
1420 1130 1490 1187 et
1536 1129 1849 1187 exustum
1903 1123 2078 1188 Chio
2129 1124 2284 1188 vino
2341 1125 2722 1206 restinguit,

520 1225 890 1308 tunditque,
919 1244 1078 1289 mox
1109 1224 1315 1289 linteo
1348 1226 1622 1303 cribrat,
1668 1231 1873 1309 atque
1916 1227 1984 1290 in
2025 1226 2334 1291 mortario
2361 1227 2530 1303 terit,
2560 1243 2723 1289 mox

519 1343 699 1410 aqua
729 1327 964 1410 pluvia
992 1334 1311 1404 macerat,
1339 1328 1714 1411 iterumque
1763 1329 1913 1393 terit
1941 1328 2121 1411 quod
2150 1325 2467 1404 subsidit,
2500 1327 2720 1392 donec

518 1447 816 1493 cerussae
848 1428 1085 1492 similis
1114 1428 1262 1505 fiat,
1290 1429 1474 1493 nulla
1504 1429 1797 1493 dentium
1837 1428 2142 1494 offensa.‘²
2225 1428 2482 1493 Eadem
2528 1429 2723 1494 1011ae

518 1531 784 1595 actiozt
807 1537 862 1579 ¹⁴
903 1530 1019 1594 sed
1049 1550 1246 1613 quam
1278 1531 1704 1612 purissimum
1738 1531 2038 1614 lapidem
2083 1531 2287 1613 eligit.

606 1648 852 1696 xxtu.
898 1632 1200 1698 Cadmiae
1273 1627 1598 1696 effectusd
1668 1632 1946 1710 siccare,
2006 1639 2411 1716 persanare,¹
2481 1632 2720 1697 sistere

515 1735 867 1812 fluxiones,
899 1733 1201 1819 pterygia
1240 1740 1308 1798 et
1348 1732 1588 1798 sordes
1618 1733 1966 1797 oculorum
1999 1753 2302 1817 purgare,
2334 1734 2721 1799 scabritiem

516 1841 897 1912 extenuare,
931 1841 1000 1900 et
1028 1834 1355 1919 quicquid
1403 1835 1470 1898 in
1519 1833 1779 1917 plumbi
1810 1833 2051 1899 effectu
2083 1836 2411 1900 dicemus.
2499 1836 2590 1900 Et
2621 1855 2720 1900 aes

512 1937 738 2021 ipsum
801 1938 886 2003 ad
951 1939 1177 2002 omnia
1236 1936 1509 2001 eadem‘
1571 1937 1810 2000 uritur:
1877 1945 2306 2022 praeterque,²
2370 1938 2720 2020 albugines

465 2101 469 2105 ⁴
514 2041 864 2106 oculorum
927 2047 999 2105 et
1053 2041 1426 2104 cicatrices.
1517 2038 1760 2103 Ulcera
1821 2060 2093 2124 quoque
2153 2041 2497 2106 oculorum
2561 2061 2719 2107 cum

510 2143 689 2206 lacte
734 2149 948 2218 sanat,
993 2143 1200 2225 idque
1235 2141 1536 2224 AEgyptii
1581 2141 1842 2224 collyrii
1883 2143 2080 2206 modo
2112 2151 2335 2208 terunt
2365 2143 2435 2206 in
2462 2144 2731 2215 coticu's

511 2244 622 2308 lis.
712 2244 907 2309 Facit
933 2248 998 2309 et
1026 2244 1423 2309 vomitiones
1469 2262 1507 2306 e
1554 2243 1752 2308 melle
1800 2253 2117 2309 sumtum.
2214 2244 2443 2309 Uritur
2486 2254 2718 2310 autem

511 2341 875 2428 cypriumf
914 2345 985 2409 in
1033 2345 1357 2409 fictilibus
1408 2344 1634 2408 crudis
1682 2364 1832 2409 cum
1880 2347 2158 2411 sulfuris
2205 2348 2356 2432 pari
2401 2346 2719 2430 pondere,

571 2537 601 2571 e
631 2526 717 2578 Sic
738 2534 786 2579 et
804 2527 1105 2587 Iollasfacis.

1429 2622 1793 2644 OO‘OOOW‘N

504 2747 553 2803 et
573 2746 835 2789 ceterarum
854 2740 1181 2790 sordidissima
1202 2740 1434 2790 Gronov.
1457 2748 1514 2791 et
1539 2742 1842 2805 vulgg.—18
1877 2742 2002 2790 Vet.
2044 2741 2232 2791 Dalec.
2262 2740 2457 2802 optima.
2526 2740 2712 2789 Iterum

508 2804 763 2856 a-Medicis
778 2818 833 2853 ea
849 2806 1083 2868 coquitur.
1148 2805 1296 2861 Mox,
1316 2806 1369 2855 in
1390 2806 1590 2856 cinerem
1612 2806 1857 2868 redigitur
1887 2808 2002 2857 cod.
2025 2806 2340 2855 nalem—14
2375 2805 2502 2853 Vet.
2524 2804 2711 2853 Dalec.

513 2869 808 2927 macer-atim
842 2869 930 2919 alii
955 2874 1084 2919 vett.
1104 2872 1410 2932 proepuratio.

576 2935 712 2984 cu.
736 2946 903 2983 xxm.
971 2936 998 2981 1
1035 2935 1158 2983 Vet.
1193 2936 1376 2984 Dalec.
1396 2934 1599 2998 siccare,
1619 2936 1778 2985 ulcera
1811 2939 2192 2998 persanata—2
2221 2935 2346 2983 Vet.
2373 2933 2567 2982 Dalec.
2586 2947 2714 2996 pra-

1426 3086 1430 3090 ’
1496 3096 1712 3147 No‘rAE

568 3216 588 3245 2
623 3212 794 3261 Omnis
823 3208 1006 3273 autem]
1050 3209 1234 3261 Diosc.
1267 3211 1370 3261 loc.
1395 3209 1488 3259 cit.
1512 3217 1569 3260 et
1713 3218 1735 3244 θ
1767 3211 1838 3259 Et
1859 3223 1925 3258 ωε
1945 3209 2099 3272 ipsum
2119 3210 2183 3258 ad
2201 3209 2357 3258 munia
2377 3207 2566 3270 eadem]
2594 3204 2713 3255 Hoc

506 3297 627 3355 pogt
649 3289 796 3339 illum
816 3287 1087 3341 Oribasius
1123 3287 1159 3335 1.
1183 3299 1311 3335 xm.
1332 3283 1422 3335 fol.
1452 3287 1569 3334 227.
1647 3293 1747 3349 est,
1792 3293 1851 3334 ut
1886 3285 2068 3334 Diosc.
2109 3282 2418 3348 explicatius
2458 3281 2624 3332 tradit
2659 3296 2714 3332 v-

505 3363 724 3412 totidem
749 3362 955 3410 omuino
982 3361 1170 3411 verbis.
1646 3364 1728 3411 8⁷.
1758 3360 1824 3410 ad
1854 3360 2175 3423 siccandum,
2198 3359 2542 3424 purgandum,
2565 3365 2716 3407 exte-

567 3447 592 3473 ⁸
616 3439 825 3495 Quidam
845 3437 899 3487 in
919 3437 1050 3500 ollis]
1081 3438 1258 3487 Diosc.
1277 3444 1333 3487 et
1354 3435 1564 3488 Oribas.
1645 3439 1929 3501 nuandum,
1963 3440 2144 3489 ulcera
2178 3437 2241 3487 ad
2266 3436 2568 3486 cicatricem
2591 3449 2713 3499 per·

502 3514 631 3564 locis
660 3515 751 3566 cit.
1345 3528 1348 3533 ·
1643 3514 1904 3578 ducenda,
1938 3516 2205 3565 oculorum
2243 3513 2370 3562 vitia
2398 3510 2711 3576 exterenda,

567 3589 853 3655 ¹³>Lapidem
873 3590 1053 3653 ipsum]
1107 3590 1188 3639 Ex
1211 3602 1314 3653 quo
1336 3587 1448 3638 fieri
1471 3604 1561 3646 ies,
1643 3596 1742 3642 διο.

502 3679 759 3732 quemque
778 3667 1031 3716 cadmiam
1047 3665 1317 3730 appellari,
1337 3665 1561 3715 diximus
1708 3669 1728 3703 s
1762 3670 1940 3719 Uritur
1957 3673 2116 3719 autem
2145 3662 2400 3730 Cyprium]
2457 3665 2545 3714 AEs
2569 3664 2712 3714 scili.

420 3749 423 3753 ’
502 3742 599 3792 sub
617 3743 817 3792 initium
837 3742 989 3804 hujus
1012 3751 1128 3805 cap·
1642 3753 1748 3796 cet.
1802 3747 1981 3796 Diosc.
2013 3759 2066 3795 v.
2099 3746 2182 3793 87.
2219 3742 2301 3792 uri
2323 3741 2398 3791 sic
2418 3741 2581 3804 jubet
2604 3743 2712 3791 cla-

565 3826 588 3852 ⁰
622 3820 776 3868 Nulla
796 3819 1009 3868 dentium
1026 3815 1234 3883 offen-311]
1253 3818 1559 3873 Itaubeum
1644 3836 1732 3872 vos
1771 3838 1935 3873 aereos
1977 3822 2349 3871 dissolutarum
2387 3818 2617 3875 navium,
2655 3819 2712 3868 in

500 3895 782 3958 manditur,
837 3894 1079 3945 dentibus
1123 3894 1298 3944 cedat.
1380 3894 1561 3944 Diosc.
1640 3898 1885 3949 fictilibus
1907 3899 2081 3948 crudis
2116 3894 2448 3958 compositos,
2474 3893 2712 3943 substra-
2741 3954 2746 3959 ι

496 3972 598 4020 loc.
629 3971 720 4020 cit.
1643 3981 1699 4024 to
1732 3974 1948 4034 sulfure,
1986 3988 2104 4024 cum
2146 3972 2265 4020 salis
2305 3970 2420 4033 pari
2453 3969 2709 4034 pondere,

558 4045 584 4080 ἆ
622 4047 834 4095 Cadmioe
871 4045 1090 4111 effectus]
1126 4046 1298 4096 Diosc.
1334 4048 1433 4096 loc.
1466 4047 1560 4096 cit.
1642 4058 1697 4101 et
1728 4050 1910 4099 iisdem
1931 4051 2010 4099 bis
2043 4047 2268 4099 vicissim
2291 4045 2572 4110 insparsis:
2606 4047 2711 4096 olla

496 4122 706 4186 Δύναμιν
733 4122 787 4174 δὲ
814 4123 930 4186 ἕχειῖ
948 4112 1227 4183 crus-ranchi,
1259 4123 1564 4186 κοιλωμάτων
1643 4125 1837 4179 deinde,
1867 4125 2192 4188 operculata,
2229 4122 2388 4171 etism
2416 4120 2710 4170 circumlito

500 4196 969 4267 ἆνῦῐληρωματυεὴν,
998 4202 1281 4266 καθαρτικὴν
1311 4202 1558 4266 ῥυπαριῶν,
1640 4209 1788 4252 creta
1809 4200 2011 4263 figulari
2024 4201 2363 4264 spiramento,
2384 4196 2586 4246 inditur
2601 4196 2706 4246 for·

497 4298 545 4334 κ.
561 4298 609 4333 τ.
626 4289 680 4333 λ.
1639 4279 1777 4344 naci,
1801 4279 1969 4329 donec
1990 4276 2224 4342 figlinum
2244 4274 2400 4340 plane
2415 4286 2705 4339 percoqua-
