3000 4917
875 374 1048 422 ΝΑτ.
1073 358 1313 422 Ἠιετ.
1342 372 1490 424 mn.
1541 372 1801 426 xxxv·
1844 356 1955 428 36.
2329 364 2505 431 4603

305 516 789 599 tragoediarum
829 520 1214 602 scriptorem
1255 519 1714 598 meditantem,
1744 529 1812 586 et
1842 522 2182 601 athletam,
2213 527 2282 588 et
2311 518 2505 590 Anti-

309 616 599 700 gonurnd
627 637 869 702 regem,
900 627 969 684 et
999 622 1350 704 imaginem
1377 624 1607 687 matris
1632 623 2053 688 Aristotelis‘
2087 624 2504 708 philosophi:

309 722 429 802 qui
488 720 552 783 ei
573 717 662 767 '³‘
716 721 1046 786 suadebat
1095 731 1169 787 ut
1219 722 1583 788 Alexandri
1639 724 1870 805 Magni
1922 742 2128 808 opera
2178 725 2503 808 pingeret,

307 826 581 904 propter
633 822 1064 886 aeternitatem
1118 843 1351 887 rerum.
1463 823 1770 911 Impetus
1824 826 2023 889 animi
2072 833 2138 891 et
2195 826 2505 908 quaedam

308 922 474 984 artis
539 922 754 987 libido
811 924 878 987 in
939 925 1085 989 haec
1151 927 1382 1008 potius
1442 945 1594 989 eum
1654 927 1994 991 tulere.0¹4
2110 927 2502 992 Novissime

308 1025 539 1106 pinxit
587 1023 1066 1103 Alexandrum,
1120 1046 1200 1091 ac
1247 1027 1478 1091 Pana:
1533 1027 1694 1091 fecit
1733 1036 1803 1093 et
1851 1031 2041 1112 signa
2093 1050 2181 1093 ex
2228 1049 2381 1107 aere,
2430 1039 2506 1094 ut

309 1123 656 1189 diximus.g

401 1227 654 1291 Eadem
701 1236 904 1293 aetate
943 1230 1072 1294 fuit
1115 1227 1695 1315 Asclepiodoru3,¹³
1743 1252 1943 1317 quem
1998 1232 2067 1295 in
2120 1236 2507 1315 symmetria

307 1328 678 1393 mirabatur
716 1319 1022 1412 ApelleS.
1140 1332 1324 1397 Huic
1364 1332 1693 1398 Muason¹
1745 1341 2056 1417 tyrannus
2094 1352 2218 1416 pro
2257 1335 2507 1399 duode-

309 1430 442 1492 cim
494 1430 651 1494 Diis
679 1432 863 1495 dedit
888 1433 957 1495 in
989 1434 1278 1514 singulos
1309 1455 1499 1499 mnas
1532 1438 1821 1501 tricenas
1841 1433 1894 1503 :j
1945 1435 2258 1518 idemque
2284 1436 2501 1501 Theo-

308 1535 576 1595 mnesto
596 1527 624 1565 ¹‘
651 1532 719 1594 in
751 1533 1043 1614 singulos
1071 1534 1310 1598 heroas
1340 1556 1531 1601 mnas
1562 1533 1946 1602 vicenaS.¹⁵¹

396 1630 539 1695 His
580 1637 998 1699 annumerari
1029 1636 1230 1701 debet
1263 1637 1743 1717 NicomachuS,
1773 1638 2179 1717 Aristodemi
2216 1640 2391 1704 filius
2423 1660 2506 1705 ac

370 1820 393 1844 ⁰
426 1813 645 1875 Impetus
662 1830 719 1862 oe
739 1813 886 1862 libido
906 1815 958 1861 in
978 1829 1082 1864 eam
1100 1819 1301 1864 mentem
1321 1816 1444 1864 hunc
1463 1815 1620 1877 potius
1643 1815 1850 1878 impulit.
1872 1824 1927 1866 ut
1948 1831 2089 1880 opera
2108 1815 2379 1866 Alexandri
2399 1817 2505 1880 pin·

305 1882 463 1938 geret,
484 1893 626 1940 quam
647 1878 935 1942 philosopho
954 1879 1297 1928 obsecundandi
1313 1880 1540 1930 studium.

1226 2020 1531 2041 ‘tuomet
1538 2022 1599 2041 ‘ff

308 2134 438 2168 mum
461 2119 580 2168 cod.
605 2120 919 2170 Πύθου-13
955 2122 1073 2168 Vet.
1097 2122 1283 2170 Dalec.
1306 2121 1390 2184 qui
1409 2121 1454 2170 ei
1477 2121 1622 2169 etiam
1635 2137 1656 2179 ,·
1688 2121 1922 2170 Gronov.
1956 2128 2009 2169 et
2037 2123 2213 2185 vulgg.
2245 2122 2326 2185 qui
2346 2123 2510 2171 etiam.

308 2189 440 2232 —14
477 2192 491 2213 ⁸
514 2185 620 2233 Ms.
644 2187 695 2233 in
714 2185 903 2247 pictura
923 2186 1072 2234 animi
1092 2187 1332 2248 valuptas,
1363 2190 1412 2233 et
1431 2187 1646 2246 quoedam
1664 2187 1786 2234 artis
1814 2187 2080 2241 delectatio,
2114 2201 2219 2236 eum
2235 2187 2396 2249 potius
2432 2194 2520 2239 tra-2

309 2246 425 2297 lere.
493 2249 652 2313 Lego.
685 2247 975 2299 timenem?
1012 2251 1324 2298 Dalec.—15
1361 2257 1375 2278 ‘
1396 2249 1484 2297 Ita
1519 2248 1671 2298 codd.
1709 2250 1861 2314 Regg

1863 2284 1877 2297 .
1911 2257 1970 2299 et
2015 2249 2189 2300 Editio
2223 2249 2502 2312 princeps.²

309 2313 533 2363 Brotier.
597 2328 734 2362 mm
770 2318 990 2363 centenas
1011 2314 1132 2364 edd.
1167 2320 1300 2365 vett.
1345 2312 1577 2363 Gronov,
1618 2314 1871 2364 Hardnin.
1910 2317 1956 2363 1.
1979 2319 2028 2363 2.
2053 2318 2100 2364 3.
2135 2322 2188 2365 et
2213 2320 2503 2365 recente—⁴

1306 2459 1355 2508 N
1364 2458 1522 2509 0¹1*AE

310 2556 460 2605 Inter
507 2555 900 2620 Epigrammata
941 2557 1006 2606 ab
1046 2556 1216 2607 Henr.
1257 2556 1376 2605 Ste-

313 2631 483 2694 phano
509 2628 840 2694 Anthologiae
862 2629 1088 2693 adjecta,
1111 2629 1250 2679 istud
1274 2637 1375 2691 est,

308 2705 415 2753 Ἐπὶ
435 2704 755 2766 Τληπολέμου
770 2703 984 2766 κειμένου
1001 2706 1052 2754 ἐν
1072 2703 1234 2766 ‘Pboou
1270 2702 1376 2754 ‘AB'

309 2781 628 2846 ’Ἡρακλείδην
659 2781 890 2846 ῥηξήνορα
927 2781 1218 2842 θυμολέοντα
1250 2789 1377 2841 Τλη-

310 2857 526 2920 πόλεμον
545 2857 743 2922 κατέχει
764 2857 1070 2921 crumbecca
1091 2858 1263 2910 Ῥόδος.
1297 2860 1377 2909 De

316 2934 577 2998 Tlepolemo
607 2936 789 2999 sepulto
823 2936 998 2985 Rhodi.
1058 2936 1376 2998 Belligerum,

311 3028 400 3076 quo
422 3029 511 3063 nee
531 3015 603 3062 leo
613 3013 816 3076 fortior,
835 3014 1045 3063 Hercule
1065 3019 1249 3074 natum,
1270 3014 1374 3064 Tle-

306 3090 543 3150 polemum
579 3089 701 3150 tegit
730 3089 833 3137 Iioec
859 3104 1045 3153 <equore
1066 3091 1222 3139 cincta
1244 3090 1377 3139 Rho·

375 3238 400 3273 ‘¹
439 3241 507 3288 Et
528 3239 847 3303 Antigonum]
897 3241 1156 3290 Demetrii
1180 3240 1375 3289 Polior-

314 3324 450 3366 cetae
474 3325 695 3379 patrem,
722 3316 859 3365 Asiae
885 3331 1078 3379 regem.

375 3402 399 3427 θ
431 3392 617 3442 Matris
633 3391 934 3456 Aristotelis]
963 3394 1160 3441 Nomen
1178 3392 1249 3441 illi
1269 3393 1376 3456 Py-

317 3470 472 3526 thias,
506 3468 699 3531 Πυθιὰς,
733 3478 946 3518 auctore
984 3468 1217 3525 Laertio,
1256 3467 1376 3526 fuit,

314 3547 404 3596 tu».
429 3560 484 3596 v.
509 3562 627 3610 pag.
649 3550 764 3596 11⁷.

379 3621 402 3654 f
431 3623 533 3679 Qui
552 3622 622 3686 ei]
655 3622 957 3686 Protogeni.
990 3622 1077 3672 Sic
1096 3623 1225 3672 Mss.
1245 3622 1374 3683 Reg.

316 3701 364 3749 2.
386 3705 445 3748 et
467 3699 576 3747 alii.
645 3698 820 3759 Prius,
846 3698 928 3761 qui
959 3699 1122 3758 etiam,
1144 3698 1195 3746 in
1220 3697 1375 3747 editis

318 3775 609 3839 legebatur.

382 3859 408 3894 t
445 3851 514 3900 Ut
535 3849 772 3913 divimus]
807 3849 920 3899 Lib.
944 3861 1142 3899 xxxiv.
1162 3864 1280 3912 cap.
1297 3853 1378 3899 19.

321 3927 554 3988 scriptor
593 3927 731 3974 idem
771 3931 828 3975 et
871 3925 1032 3987 libros
1066 3925 1133 3973 de
1174 3925 1380 3987 pictura

324 4003 486 4051 edidit
507 4002 659 4062 duos,
688 3999 793 4064 περὶ
814 4002 1048 4064 γραφικῆς
1081 4000 1159 4050 καὶ
1188 3999 1379 4064 σχημά-

323 4095 432 4140 των,
455 4086 594 4128 teste
614 4077 794 4126 Suida.

384 4152 409 4186 ¹¹
441 4153 820 4217 Asclqziodom]
847 4149 1252 4217 Ἀσκληπιόδωρος
1269 4154 1378 4217 pic·

328 4238 407 4281 tor
430 4230 785 4294 Atheniensis,
816 4229 883 4279 de
905 4245 1006 4295 quo
1025 4230 1292 4281 Plutarch.
1314 4230 1379 4280 de

1453 2554 1639 2618 Gloria
1661 2553 1853 2603 Athen.
1876 2569 1929 2617 p.
1947 2558 2061 2604 346.
2128 2555 2329 2605 Plinius
2353 2572 2510 2620 supra

1453 2631 1520 2680 de
1543 2630 1767 2694 Apelle:
1806 2631 1823 2658 ‘
1854 2633 1986 2681 Nam
2011 2631 2232 2680 cedebat
2263 2632 2509 2696 Amphio-

1452 2707 1510 2756 ni
1539 2706 1606 2756 de
1631 2706 1968 2770 dispositione
1992 2725 2005 2755 :
2047 2706 2419 2772 Asclepiodoro
2442 2710 2509 2760 de

1451 2784 1723 2844 mensuris,
1740 2784 1838 2833 hoc
1861 2792 1962 2848 est,
1986 2794 2180 2849 quanto
2206 2784 2330 2849 quid
2353 2800 2385 2835 a
2408 2800 2512 2850 quo

1451 2858 1648 2909 distare
1672 2859 1927 2909 deberet.'
2157 2920 2160 2925 Ἴ

1516 2935 1531 2969 ¹
1563 2936 1699 2985 Huic
1716 2936 1943 2998 Mnaseas]
1970 2936 2284 2986 Elatensium
2308 2935 2510 2987 scilicet

1454 3018 1721 3075 tyrannus,
1746 3012 1812 3059 de
1836 3026 1938 3075 quo
1959 3025 2135 3071 supra.

1513 3088 1531 3130 J
1566 3088 1713 3137 Mnus
1746 3086 1977 3149 tricenae]
2020 3087 2163 3134 Mnae
2188 3086 2427 3148 singulae,
2453 3093 2512 3135 nt

1451 3179 1607 3228 supra
1631 3164 1873 3224 diximus,
1912 3162 2147 3211 centenis
2172 3162 2391 3209 denariis
2415 3177 2509 3209 ws-

1453 3239 1721 3289 timantnr.
1763 3238 1952 3303 Itaque
1978 3238 2215 3296 tricenae,
2241 3237 2401 3286 trihus
2424 3237 2511 3286 de·

1452 3316 1651 3363 narium
1676 3314 1897 3363 millibus
1917 3330 1933 3374 ς
1954 3313 2083 3369 sive,
2099 3312 2235 3376 qnod
2255 3312 2389 3361 idem
2410 3322 2513 3378 est,

1451 3391 1751 3440 sestertium
1787 3391 2011 3440 millibus
2044 3389 2351 3442 duodecim:
2388 3392 2508 3442 Gal-

1451 3467 1568 3516 licae
1592 3476 1814 3516 monetae
1841 3466 1984 3516 libra:
2007 3474 2127 3515 sunt
2151 3470 2299 3516 1200.
2403 3526 2408 3529 ,

1517 3543 1540 3578 ¹⁵
1577 3544 1903 3607 Theomnesto]
1950 3541 2236 3604 Θεομνήστῳ
2254 3541 2510 3592 Sardiano

1450 3620 1640 3677 fictori,
1676 3629 1736 3670 ut
1780 3620 1988 3684 quidem
2036 3619 2261 3674 videtur,
2295 3618 2361 3666 de
2406 3633 2510 3681 quo

1452 3698 1674 3747 diximus
1706 3709 1906 3747 xxxiv.
1930 3699 2008 3744 19.
2048 3708 2161 3745 nam
2196 3701 2250 3743 et
2282 3694 2414 3742 hune
2454 3694 2510 3744 in

1453 3775 1661 3838 pictura
1699 3775 1891 3821 clarum
1936 3769 2110 3826 fuisse,
2143 3769 2219 3817 uti
2253 3769 2512 3831 Protoge-

1451 3864 1590 3911 nem‚
1614 3849 1952 3913 suspicamur.

1520 3924 1534 3958 ¹
1566 3927 1712 3975 Mnus
1748 3926 1934 3973 vicenas
1973 3920 2236 3986 [centenas]
2267 3920 2388 3971 Sive
2419 3920 2510 3969 de-

1454 4003 1654 4053 narium
1689 4002 1867 4050 decem
1902 3999 2091 4047 millia:
2138 3998 2240 4054 vel,
2262 3997 2397 4061 qnod
2421 4012 2511 4048 eo-

1454 4079 1573 4129 dem
1592 4077 1797 4132 recidit,
1813 4075 2104 4125 sestertium
2123 4074 2280 4123 millia
2294 4074 2512 4137 quadra-

1455 4157 1632 4220 ginta:
1670 4159 1891 4213 monetae
1915 4159 2103 4202 nostra:
2127 4151 2286 4202 libras
2307 4154 2458 4201 4000.
