3000 4917
516 389 693 457 4874
1254 401 1322 452 c.
1368 400 1614 450 rmmr
1661 400 1903 452 sncun
1916 402 1995 452 n1

519 547 847 636 gemmam
897 545 1026 611 sibi
1081 544 1263 629 apud
1306 564 1522 628 regem
1575 547 1874 630 scripsit,
1920 547 2101 632 bigis
2146 548 2316 614 vehi
2339 556 2719 634 quaerentes

513 648 758 720 tradit:
805 657 873 715 et
922 650 1070 713 viso
1100 648 1390 712 dracone
1442 666 1755 731 spargere
1800 650 2151 716 somnifica
2198 652 2722 730 medicamenta,

515 762 716 839 atque
743 754 844 818 ita
869 749 1248 835 praecidere.
1309 748 1480 813 Esse
1504 760 1729 815 autem
1748 759 1775 798 ⁸
1804 754 2092 818 candore
2120 754 2564 835 translucido,
2599 774 2723 820 nec

514 865 757 943 postea
784 853 1002 938 poliri,
1035 859 1153 916 aut
1186 857 1387 916 artem
1423 851 1796 918 admittere.

606 974 827 1023 Lvnl.
873 954 1207 1019 Encardia
1255 956 1769 1034 cognominatur
1806 962 1878 1020 et
1920 954 2410 1036 ariste'2h'una‚
2462 959 2533 1022 in
2580 978 2717 1042 qua

508 1063 694 1145 nigra
723 1059 970 1142 effigies
991 1064 1011 1095 ¹
1061 1055 1317 1120 cordis·
1353 1057 1631 1121 eminet:
1678 1057 1885 1122 altera
1913 1057 2150 1123 eodem
2177 1059 2471 1137 nomine,
2519 1060 2713 1125 viridi

506 1148 759 1240 c'olore,
821 1159 1049 1226 cordis
1106 1158 1407 1241 speciem
1469 1165 1950 1242 repraesentat:
2018 1161 2221 1225 tertia
2277 1179 2397 1224 cor
2449 1161 2711 1242 nigrum

507 1264 830 1341 ostendit,
877 1262 1134 1344 reliqua
1172 1260 1279 1323 sui
1322 1267 1516 1344 parte
1539 1267 1566 1296 ²
1611 1261 1919 1326 candida.
2007 1259 2374 1327 Enorchisi
2422 1261 2716 1339 candida

506 1374 632 1444 est,
702 1367 1055 1449 divisaque
1114 1363 1501 1446 fragmentis
1561 1366 1832 1430 testium
1894 1365 2180 1448 effigiem
2248 1370 2711 1450 repraesentat.
2757 1408 2760 1411 -

502 1465 933 1535 Exebenumj
970 1467 1365 1531 Zoroastres
1396 1468 1781 1552 speciosam
1805 1475 1880 1533 et
1906 1468 2261 1533 candidam
2292 1468 2710 1551 tradit‚³.qua

394 1646 399 1651 g
504 1570 813 1634 aurifices
843 1588 1076 1634 aurum
1119 1567 1408 1651 poliunt.
1495 1566 1857 1634 Eristalis.¹¹
1908 1590 2062 1635 cum
2113 1571 2208 1635 sit
2250 1569 2567 1645 candida,
2619 1569 2706 1632 ad

501 1671 963 1737 inclinationes
985 1670 1341 1734 rubescere
1372 1670 1653 1734 videtur.
1742 1669 2147 1756 Emtylns‚4¹
2187 1672 2422 1736 cadem
2445 1670 2710 1754 amphi-

501 1792 716 1850 come,
748 1778 814 1837 et
839 1772 1354 1846 hieromnemon,
1384 1790 1427 1835 a
1450 1770 1838 1836 Democrito
1859 1773 2178 1836 laudatur
2205 1772 2273 1835 in
2305 1774 2707 1853 argumentis

501 1874 1014 1940 divinationum.
1100 1872 1432 1936 Eumeces
1459 1879 1543 1935 ⁵3¹¹
1587 1873 1658 1937 in
1693 1872 1965 1939 Bactris
2018 1874 2339 1952 nascitur,
2393 1873 2573 1937 silici
2618 1873 2705 1936 si-

498 1975 719 2040 milis:
792 1976 912 2041 sed
960 1975 1171 2059 capiti
1218 1976 1584 2059 supposita
1634 1977 1779 2041 visa
1823 1984 2147 2042 nocturna
2192 1976 2450 2041 oraculi
2497 1976 2702 2039 modo

496 2076 741 2143 reddit.
843 2077 1272 2143 Eumithrenn
1321 2078 1477 2142 Beli
1524 2099 1873 2161 gemmam,
1927 2080 2344 2153 sanctissimi
2397 2079 2699 2142 Deorum

497 2178 682 2258 sibi,⁶
724 2178 986 2266 Assyrii
1021 2180 1390 2264 appellant,
1438 2183 1740 2264 porracei
1770 2183 2042 2261 coloriS,
2095 2181 2699 2264 superstitionibus

496 2290 774 2364 gratam.
880 2268 1296 2367 Eupetalos⁰
1355 2290 1645 2366 quatuor
1697 2285 1959 2349 colores
2012 2285 2237 2361 habet,
2300 2283 2695 2360 coeruleum,

492 2384 785 2466 igneum,
840 2385 1052 2461 minii,
1103 2384 1288 2448 mali.
1375 2383 1697 2449 Euneosp
1746 2386 1981 2450 nucleo
2029 2385 2227 2450 olivae
2275 2385 2522 2449 similis
2571 2392 2693 2459 est,

492 2487 770 2552 striata⁷
824 2487 1222 2552 concharum
1257 2487 1484 2565 mod0‚
1533 2507 1664 2551 non
1708 2488 1882 2552 adeo
1915 2487 2233 2553 candida.
2326 2487 2696 2550 Eurotiasq

1411 2632 1756 2654 “OM“

556 2716 692 2765 cst.
719 2731 878 2768 Lvm.
948 2723 971 2767 1
1012 2717 1141 2767 Cod.
1179 2716 1364 2766 Dalec.
1401 2723 1450 2766 et
1482 2716 1724 2779 cordisve.-
1758 2716 1810 2766 in
1842 2717 1986 2780 nigra
2018 2717 2229 2784 effigies,-
2265 2716 2501 2766 Gronov.
2537 2722 2593 2764 et
2631 2717 2691 2764 ai.

493 2786 616 2829 ante
642 2782 897 2831 Harduin.
921 2788 968 2831 et
991 2784 1227 2831 cardi-sce.-
1264 2796 1373 2846 una,
1393 2783 1445 2829 iu
1464 2797 1558 2844 qua
1578 2782 1723 2844 nigra
1744 2784 2041 2848 effigiem—2
2065 2781 2197 2833 Cod.
2223 2781 2404 2848 Dalec.
2437 2787 2555 2830 sunt
2573 2787 2691 2830 arte.

486 2849 582 2893 —8
621 2845 846 2895 Eristilla
879 2848 1077 2897 Fuxen.
1113 2847 1381 2911 Erythriua
1414 2849 1542 2910 legit
1575 2848 1856 2897 Const.—4
1893 2846 2155 2906 Erochillos
2188 2846 2383 2895 Fuxen.
2421 2846 2692 2894 Erockellos

486 2909 672 2959 Daiec.
737 2911 887 2976 Mox,
909 2914 1158 2977 eademque
1176 2914 1296 2962 Vet.
1321 2913 1607 2964 Dalec.—5
1647 2914 1877 2961 Eumenes
1898 2913 2198 2961 Fuxen.—6
2230 2912 2353 2961 Vct.
2374 2910 2565 2960 Daiec.
2584 2926 2689 2960 suo·

1468 3043 1685 3094 NOTAE

543 3151 574 3187 1
607 3143 727 3193 Esse
747 3143 928 3206 autem]
964 3143 1198 3194 Isidorus
1222 3143 1321 3193 loc.
1345 3143 1439 3191 cit.
1617 3140 1775 3202 labiis,
1796 3138 1890 3188 ἀπὸ
1921 3141 2019 3188 τῶν
2043 3140 2243 3201 χειλῶν,
2275 3139 2329 3187 iu
2361 3136 2685 3188 divinatione

548 3219 572 3254 ¹¹
615 3222 886 3271 Bucar-diu.
905 3255 919 3270 .
938 3226 1012 3270 ,ει
1051 3219 1222 3283 ariste]
1277 3220 1367 3270 Sic
1406 3219 1537 3281 Reg.
1616 3216 1908 3267 futurorum
1931 3214 2246 3279 aperiendis.
2313 3214 2517 3263 Eadem
2541 3211 2680 3277 ἀμφί·

480 3297 697 3347 2.(3011).
718 3301 769 3345 3.
791 3298 1000 3361 aliique,
1024 3304 1078 3346 et
1100 3294 1299 3345 Indexz
1336 3309 1458 3356 non,
1476 3301 1538 3343 ut
1616 3310 1778 3355 κομος,
1809 3293 1957 3358 quasi
1983 3291 2181 3356 pulchre
2212 3295 2429 3339 cmata:
2474 3298 2532 3340 et
2566 3292 2680 3354 ἴερο·

478 3370 610 3419 editi
633 3372 773 3436 libri,
793 3377 841 3420 et
874 3372 1107 3420 cardine.
1170 3370 1422 3435 Ἔγκαρδία
1446 3384 1535 3418 uo·
1614 3370 1825 3431 μνήμων,
1839 3383 2000 3418 rerum
2009 3381 2252 3417 marm
2273 3366 2675 3431 abditarumque

475 3460 597 3496 men
619 3447 774 3497 habet
793 3448 1169 3497 asimilitudiue
1188 3449 1379 3498 cordis.
1403 3449 1534 3497 Tur·
1616 3445 1938 3507 designatrix
1962 3458 2184 3507 gemma.
2506 3449 2512 3455 '

477 3521 670 3571 chesiae
693 3537 857 3587 genus
881 3522 1087 3570 videtur
1109 3537 1240 3572 esse.
1261 3550 1271 3561 .
1513 3532 1522 3539 ·
1679 3530 1717 3557 ¹¹¹
1748 3519 2018 3585 Eumeces}
2033 3517 2267 3583 Εὐμήκης,
2289 3533 2498 3584 gemma
2515 3534 2679 3583 proce·

537 3596 552 3630 ἰ
586 3596 844 3660 Euarchis]
868 3595 1108 3661 Ἔνορχιε,
1145 3612 1177 3647 a
1207 3598 1416 3653 testium
1436 3599 1534 3647 τῶν
1611 3614 1687 3662 ra,
1706 3600 1965 3662 proelongu.
2187 3602 2196 3609 ‘

471 3671 669 3737 ὀρχέωι,
687 3674 872 3739 figura.
1675 3683 1701 3709 ¹¹
1741 3672 2045 3736 Eumithren]
2076 3673 2301 3723 Videtur
2326 3686 2392 3722 ex
2422 3673 2528 3722 hoc
2557 3675 2671 3723 loco

532 3749 551 3794 J
588 3751 886 3814 Exebenum]
922 3751 1152 3801 Isidorus
1176 3753 1288 3802 haec
1311 3752 1529 3803 totidem
1610 3754 1857 3814 Mithres,
1896 3758 1956 3801 ut
1992 3749 2133 3814 apud
2169 3750 2362 3800 Persas
2400 3750 2564 3812 Solis,
2601 3753 2671 3800 sic

469 3826 659 3882 verbis,
681 3828 830 3889 Orig.
850 3840 968 3876 xvi.
985 3832 1064 3876 10.
1083 3827 1336 3890 Ἔξέβενος.
1610 3830 1725 3878 Beli
1748 3827 1885 3891 apud
1911 3826 2152 3891 Assyrios
2173 3840 2359 3876 nomeu
2377 3825 2565 3875 fuisse.

536 3899 561 3934 ¹¹
599 3902 848 3965 Eristalia]
885 3904 950 3952 In
986 3904 1112 3953 Mas.
1134 3904 1384 3965 hocloco,
1409 3902 1526 3951 En·-
1673 3914 1698 3939 ⁰
1732 3906 2014 3970 Eupetalos]
2060 3903 2338 3953 Εὖπέταλος
2364 3903 2562 3954 Graece
2597 3905 2670 3954 ci-

465 3977 616 4027 stilla.
674 3979 852 4042 Forte,
873 3980 1105 4042 erythria,
1126 3995 1158 4028 a
1177 3981 1332 4030 rubro
1353 3980 1525 4030 colore
1604 3997 1792 4031 rescens
1811 3981 2139 4043 intelligitur.

468 4067 623 4118 quem
643 4055 871 4117 exhibet,
889 4070 1003 4106 cum
1026 4057 1322 4107 inclinatur.
1670 4067 1696 4100 Ρ
1731 4056 1943 4119 Euneos]
1981 4056 2180 4106 Earsos:
2202 4054 2287 4105 Sic
2305 4064 2361 4105 et
2380 4056 2434 4104 in
2458 4056 2661 4119 Indice,

533 4130 548 4164 ¹
572 4133 818 4198 Erotylos]
845 4134 907 4182 ln
931 4135 1142 4185 Indice:
1162 4134 1525 4196 Erotiuos'stice
1605 4141 1661 4185 et
1684 4135 1780 4183 hoe
1803 4134 1920 4182 loco
1942 4133 2073 4182 Mss.
2095 4145 2288 4181 omues.

466 4208 770 4271 amphicome,
789 4212 869 4270 &m
904 4212 967 4259 In
992 4213 1123 4261 Μαι.
1146 4210 1282 4275 Reg.
1302 4219 1357 4261 et
1375 4211 1524 4261 Colb.
1666 4219 1690 4252 ¹¹
1730 4207 1982 4270 Eur-otius]
2014 4208 2217 4257 Nomen
2240 4206 2401 4256 habet
2423 4221 2490 4255 ex
2511 4222 2659 4271 argu-

467 4284 724 4349 hocloco,
750 4286 1003 4337 Erichilos.
1040 4288 1199 4337 Forte
1220 4275 1469 4351 ἑρίχέιλος,
1491 4304 1523 4337 α
1603 4294 1811 4337 mento:
1848 4299 1963 4335 nam
2002 4283 2181 4348 εὐρῶτα
2202 4283 2381 4349 Graegi
2404 4283 2549 4333 situm
2575 4298 2655 4332 vo-
