3000 4917
1181 422 1626 475 suerranum,
2331 400 2503 474 4911

359 570 643 631 Arruntius,
681 573 758 623 sic
785 572 928 622 enim
960 570 1013 621 in
1047 568 1468 633 inscriptionibus
1501 566 1726 633 antiquis
1748 566 2017 631 scribitur,
2040 574 2096 619 et
2118 567 2257 629 apud
2282 567 2505 619 Dionem

289 656 384 707 lib.
409 670 571 706 ινιιι.
593 670 644 720 p.
671 658 786 706 688.
818 651 1013 703 Λούκιος
1032 650 1342 715 Ἀρρούντιος.
1396 650 1478 698 De
1500 661 1565 699 eo
1595 648 1800 698 Seneca
1823 648 1923 711 Ep.
1947 661 2096 698 cxrv.
2124 664 2176 711 p.
2200 653 2316 698 484.
2362 650 2379 680 ‘
2404 649 2507 712 Are
2537 710 2544 713 v

289 736 530 797 rnntius‚’
555 735 744 801 inquit,
779 736 796 764 ‘
822 734 904 782 vir
928 747 1060 782 rarae
1098 730 1447 795 frugalitatis3
1482 728 1573 794 qui
1606 727 1847 778 historias
1890 727 2013 777 belli
2058 728 2247 776 Punici
2276 727 2506 791 scripsit,

289 812 398 864 fuit
418 815 776 874 Sallustianus,
810 818 866 863 et
900 813 952 862 iu
985 811 1113 861 illud
1148 824 1312 874 genus
1345 807 1557 869 nitens,'
1579 810 1677 857 διο.
1748 807 1891 857 Vixit
1922 807 2151 872 Augusti
2185 808 2507 873 principatu,

293 896 448 958 cujus
463 895 670 958 jndicio
694 893 881 955 dignus
906 893 1020 956 ipse
1042 890 1321 940 Arruntius
1344 886 1638 954 principatu
1658 887 1780 938 fuit.

359 976 699 1026 Artemidorus
733 974 984 1039 Ephesius.
1019 972 1172 1022 Vixit
1204 972 1249 1020 is
1289 969 1506 1035 Olymp.
1531 981 1732 1019 cmxix.
1755 975 1815 1019 ut
1842 966 2142 1019 Marcianus
2162 969 2506 1019 Heracleotes

291 1060 522 1105 testatur
541 1056 596 1105 in
612 1055 847 1119 Periplo‚
870 1070 922 1118 p.
938 1057 1021 1104 97.
1041 1053 1232 1102 Terras
1249 1050 1551 1114 descripsit,
1570 1056 1625 1100 et
1646 1050 1802 1099 maris
1818 1049 2231 1115 replrmvvlibris
2248 1048 2506 1100 undecimo

186 1178 193 1185 .
291 1144 354 1185 ut
377 1132 516 1185 idem
539 1136 835 1186 Marcianus
857 1135 1015 1185 docet
1037 1150 1093 1198 p.
1115 1137 1196 1183 8-1.
1215 1133 1305 1198 qui
1327 1146 1418 1182 eos
1439 1130 1648 1195 redegit
1670 1130 1721 1179 in
1741 1131 2034 1195 Epitomen.
2088 1131 2215 1195 Ipse
2237 1131 2504 1194 scripsisse

292 1215 489 1266 dicitur
520 1217 748 1278 ἐπιτομὴν
781 1218 880 1265 τῶν
912 1212 1364 1278 γεωγραψουμένων.
1388 1227 1419 1262 a
1442 1211 1735 1263 Scholiaste
1768 1209 2030 1276 Apollonii
2069 1211 2135 1261 ad
2175 1211 2371 1274 Argon.
2411 1224 2506 1261 nr.

292 1301 411 1347 868.
446 1294 832 1347 Artemidorum
856 1296 1134 1361 Ephesium
1151 1295 1242 1346 lib.
1263 1308 1390 1345 vm.
1425 1291 1855 1358 Γεωγραφουμένων
1870 1293 2049 1343 laudat
2065 1292 2220 1345 Diod.
2237 1292 2343 1342 Sic.
2363 1291 2505 1341 Bibl.

292 1376 391 1427 lib.
413 1389 502 1426 m.
523 1392 580 1441 p.
603 1382 720 1429 149.

357 1457 593 1508 Artemon
615 1457 880 1518 Medicus,
901 1458 954 1507 in
977 1454 1160 1508 Indice
1182 1457 1274 1507 lib.
1296 1470 1508 1508 xxvm.
1529 1462 1587 1506 et
1608 1470 1723 1519 cap.
1746 1460 1797 1505 2.
1820 1454 2054 1519 ejusdem
2074 1453 2216 1503 libri.

356 1537 620 1593 Asarabas,
658 1537 748 1602 qni
782 1536 922 1586 forte
954 1535 1219 1600 Asai-ubas,
1255 1538 1338 1586 vel
1374 1535 1618 1587 Asdrubal
1654 1535 1938 1598 vocandus,
1973 1534 2216 1584 laudatur
2242 1548 2273 1583 a
2308 1532 2502 1590 Plinio,

293 1622 408 1667 tum
434 1619 490 1667 in
515 1618 699 1668 Indice
721 1616 814 1666 lib.
837 1629 1060 1668 xxxvn.
1082 1623 1193 1667 tum
1226 1631 1346 1681 cap.
1384 1620 1465 1665 11.
1499 1616 1736 1681 ejusdem
1760 1615 1893 1666 iibri.
1959 1614 2137 1664 Plinio
2159 1615 2259 1678 ipsi
2282 1628 2505 1678 coaevus,

295 1705 358 1749 ut
379 1698 494 1763 ipse
517 1705 760 1762 testatur,
781 1698 898 1748 loco
917 1697 1150 1761 proxime
1172 1705 1374 1748 notato.

356 1778 664 1842 Asclepiades
684 1778 919 1833 Medicas,
935 1792 1088 1843 quem
1106 1779 1337 1828 nonnulli
1360 1791 1537 1828 crasso
1554 1776 1734 1827 errore
1748 1788 1865 1827 cnm
1886 1774 2204 1840 Asclepiade
2222 1775 2501 1838 Myr-leuno

297 1859 641 1922 confundunt,
662 1859 748 1923 qui
771 1858 1044 1909 Ptolemoei
1071 1859 1343 1922 Evergetis
1369 1865 1531 1909 oetate
1567 1858 1719 1909 vixit.
1784 1857 1890 1907 Hic
1912 1872 2064 1923 quem
2097 1857 2299 1906 Plinius
2324 1855 2503 1904 laudat

294 1953 400 1990 vn.
421 1943 505 1991 14.
527 1945 611 1990 20.
630 1944 713 1990 22.
734 1943 816 1990 28.
838 1943 920 1988 24.
935 1943 1018 1990 26.
1039 1945 1094 1988 et
1116 1943 1199 1990 29.
1263 1940 1529 1989 Prusioeus
1560 1953 1627 1989 ex
1657 1938 1908 2004 Bithynia
1949 1937 2066 2002 fuit,
2100 1936 2502 2008 „Philophysicus

292 2020 702 2083 cognominatus,
723 2019 966 2083 Pompeii
989 2019 1067 2067 M.
1107 2019 1444 2084 temporibus,
1482 2026 1622 2070 teste
1659 2019 1916 2068 Strabone
1951 2017 2041 2068 lib.
2075 2030 2179 2067 xu.
2212 2032 2263 2080 p.
2296 2019 2409 2064 666.
2445 2021 2503 2063 et

290 2099 470 2149 Plinio
493 2100 607 2163 ipso
631 2113 766 2149 xxv.
793 2103 843 2149 8.
910 2098 1031 2149 Fuit
1054 2099 1097 2148 is
1119 2100 1337 2163 primum
1369 2101 1585 2162 Rhetor,
1608 2099 1704 2149 sed
1722 2113 1753 2148 a
1782 2098 2069 2148 Rhetorica
2092 2104 2275 2161 postea
2294 2095 2359 2145 ad
2383 2096 2501 2144 Me·

291 2178 518 2230 dielnam
544 2180 771 2242 transiit,
788 2186 925 2230 teste
948 2179 1119 2228 Plinio
1140 2191 1301 2229 xxvr.
1320 2184 1368 2229 7.
1391 2179 1481 2230 ubi
1505 2180 1657 2242 plura
1678 2178 1745 2228 de
1768 2192 1849 2228 eo.
1916 2177 2059 2226 Hinc
2080 2177 2098 2206 ⁴
2114 2179 2365 2241 eloquens
2381 2176 2501 2225 Me·

293 2258 465 2310 dicus'
486 2260 681 2310 dicitur
702 2259 940 2310 Ciceroni
959 2258 1024 2309 de
1045 2259 1199 2311 Orat.
1223 2260 1312 2310 lib.
1333 2273 1374 2313 1.
1396 2274 1449 2324 p.
1471 2264 1587 2310 288.
1609 2260 1697 2324 qui
1719 2273 1779 2309 se
1796 2273 1858 2308 eo
1879 2258 2079 2306 medico
2093 2264 2148 2307 et
2162 2257 2329 2306 amico
2354 2269 2500 2304 usum

292 2354 412 2390 esse
437 2341 703 2403 gloriatur.
776 2340 989 2390 Librum
1013 2340 1226 2404 scripsit
1248 2340 1312 2389 de
1337 2340 1533 2391 tuenda
1553 2340 1803 2396 sanitate,
1824 2339 1973 2403 cujus
1998 2339 2181 2389 Celsus
2204 2334 2501 2386 meminitr.

291 2425 342 2472 8.
367 2437 419 2486 p.
442 2426 491 2471 4.
522 2423 538 2449 ‘
560 2423 839 2471 Multarum
865 2420 1075 2481 rerum‚’
1095 2420 1264 2485 inquit
1287 2421 1424 2471 idem
1447 2421 1633 2471 Celsus
1670 2434 1747 2470 ιν.
1776 2424 1829 2470 4.
1872 2426 1887 2449 ⁸
1908 2433 2032 2485 quas
2056 2419 2157 2482 ipsi
2193 2432 2397 2482 quoqne
2420 2430 2498 2465 se-

289 2503 400 2553 cuti
422 2517 615 2566 sumus,
637 2508 821 2552 auctor
842 2500 1043 2552 bonus!
1105 2502 1187 2552 De
1211 2500 1385 2552 dando
1406 2502 1526 2552 vino
1551 2503 1810 2558 volumen,
1841 2500 1982 2565 quod
2002 2515 2031 2547 a
2055 2498 2237 2547 Plinio
2253 2497 2499 2547 laudatur

291 2594 466 2632 xxm.
491 2587 572 2632 19.
641 2581 888 2646 Ejusdem
911 2581 1071 2632 libros
1102 2581 1169 2632 de
1191 2582 1428 2647 hydrope
1462 2583 1645 2632 laudat
1678 2581 1867 2630 Caelins
1895 2581 2260 2629 Aurel.11·1.8.
2285 2586 2338 2627 et
2374 2577 2501 2627 alios

294 2662 423 2712 alibi
446 2663 652 2726 passim.
720 2662 895 2726 Hujus
927 2662 1152 2726 denique
1176 2663 1242 2712 ad
1264 2663 1633 2713 Mithridatem
1664 2662 1862 2726 scripta
1898 2660 2158 2711 volumina
2180 2659 2248 2708 de
2281 2657 2499 2708 medicis

290 2742 473 2806 rebus,
496 2752 679 2793 auctor
701 2751 782 2792 est
800 2742 1003 2793 Plinius
1029 2757 1167 2793 xxv.
1188 2747 1238 2795 8.

359 2825 662 2888 Asclepiades
682 2824 771 2889 qui
792 2821 1160 2888 Τραγῳδούμενα
1196 2825 1422 2890 scripsit.
1482 2808 1647 2874 Hunc
1679 2824 2031 2887 Tragilensem
2063 2820 2247 2883 fuisse,
2287 2834 2353 2868 ex
2375 2819 2499 2868 Tra-

289 2904 402 2968 gilo
436 2895 672 2955 ''l'hraeiae
713 2904 928 2967 oppido,
966 2919 1129 2968 prope
1169 2905 1565 2969 Cherronesum,
1609 2912 1665 2955 et
1702 2904 2088 2958 Macedoniam,
2128 2917 2189 2951 ac
2223 2901 2366 2949 libris
2403 2915 2497 2949 sex

288 2985 563 3049 scripsisse
585 2983 648 3034 τὰ
668 2983 1048 3048 τραγῳδούμενα,
1069 3001 1124 3035 ea
1146 3001 1251 3048 quoe
1272 2987 1324 3034 in
1342 2986 1593 3048 tragoediis
1613 2986 1942 3039 decantantur,
1965 2990 2149 3031 auctor
2173 2988 2252 3030 est
2274 2980 2496 3043 Stepha-

294 3080 417 3122 nus,
438 3066 596 3115 verbo
617 3064 864 3128 Τράγιλος.
933 3066 1223 3115 Meminere
1242 3072 1500 3130 praeterea
1523 3063 1851 3127 Asclepiadae
1886 3064 1939 3112 ἐν
1967 3063 2069 3111 τοῖς
2100 3058 2498 3124 τραγῳδουμένοις

294 3144 582 3217 Athenaeus
598 3146 687 3196 lib.
713 3159 773 3194 x..
787 3162 837 3209 p.
853 3150 969 3195 466.
1036 3145 1420 3209 Harpocration
1445 3145 1498 3193 in
1520 3142 1794 3207 Δυσαύλης,
1817 3158 1869 3206 p.
1895 3147 1979 3193 90.
2013 3141 2304 3206 Hesychius
2324 3141 2378 3189 in
2396 3138 2499 3198 Ῥή-

296 3242 502 3289 σαρχος,
526 3241 578 3288 p.
597 3230 710 3275 814.
737 3233 790 3275 et
812 3226 988 3275 Schol.
1010 3224 1273 3289 Apollonii
1292 3225 1356 3275 ad
1384 3240 1445 3275 ιι.
1469 3229 1585 3275 828.

364 3306 739 3369 Asclepiodorus.
803 3306 901 3354 Est
934 3307 988 3354 in
1026 3303 1208 3354 Indice
1246 3306 1335 3355 lib.
1377 3319 1553 3355 xxxV.
1587 3304 1674 3369 qui
1714 3309 1858 3353 totus
1880 3309 1961 3352 est
1991 3300 2057 3351 de
2082 3301 2301 3364 picturas
2324 3299 2499 3349 laude.

292 3384 457 3435 Hunc
475 3385 635 3448 igitur
658 3385 890 3448 suspicor
911 3382 1069 3433 fuisse
1102 3387 1354 3447 pictorem
1389 3384 1530 3433 illum
1556 3385 1607 3433 in
1629 3382 1927 3448 symmetria
1949 3381 2324 3443 admirabilem,
2345 3393 2496 3443 quem

293 3466 498 3514 Plinius
521 3464 701 3514 laudat
721 3479 837 3528 cap.
858 3468 941 3513 86.
977 3464 1095 3513 libri
1116 3465 1273 3515 illius.
1339 3467 1420 3517 De
1437 3480 1531 3515 sua
1556 3473 1667 3516 arte
1687 3465 1955 3529 scripserit
1976 3465 2017 3512 is
2031 3462 2267 3512 fortassis
2284 3459 2499 3526 aliquid,

289 3544 432 3608 quod
457 3552 510 3594 et
535 3544 621 3593 alii
643 3542 821 3594 feceru
832 3551 909 3594 nt.

362 3624 886 3695 AsconiusxPediaaus,
911 3639 943 3673 a
965 3624 1132 3674 Pedia
1154 3632 1330 3688 gente,
1365 3625 1419 3674 in
1456 3639 1610 3690 quam
1649 3625 1736 3690 qui
1772 3624 1967 3690 primus
2002 3630 2082 3672 est
2106 3621 2401 3684 adoptatus,
2423 3619 2500 3669 ita

293 3711 512 3754 vocatus
532 3712 632 3755 est.
667 3705 731 3754 In
758 3712 860 3754 vet.
881 3704 1120 3768 inscript.
1141 3705 1278 3769 apud
1303 3705 1522 3754 Gruter.
1541 3719 1592 3767 p.
1616 3710 1731 3754 987.
1767 3716 2081 3753 ΡΕυιΑΝνεε
2118 3703 2218 3750 etsi
2238 3699 2424 3751 Suidas
2442 3704 2498 3748 et

295 3787 388 3839 alii
415 3785 899 3850 Graecialiqnando
938 3784 1186 3836 Παιδιανὺς
1222 3785 1468 3834 scribant.
1538 3784 1659 3834 Fuit
1696 3786 1740 3833 is
1772 3784 1993 3846 Virgilio
2032 3781 2322 3842 familiaris,
2344 3795 2375 3828 a
2398 3793 2499 3843 qno

296 3866 537 3916 aridierat
562 3880 618 3915 se
649 3865 822 3916 fixisse
855 3879 1066 3914 crucem
1104 3856 1466 3915 Grammaticis
1506 3864 1597 3915 illo
1632 3865 1921 3914 versiculo:
1980 3863 2133 3910 ‘Tres
2176 3867 2358 3922 pateat
2380 3859 2498 3909 ooeli

295 3946 525 4010 spatium
541 3960 642 3994 non
667 3943 1092 4009 ampliusnlnasss
1159 3943 1329 4007 Hujus
1364 3951 1552 3994 extant
1576 3942 1945 3992 Commentarii
1968 3942 2020 3990 in
2045 3939 2323 3990 Orationes
2350 3939 2499 3988 Cice·

296 4026 457 4077 ronis.
522 4026 699 4075 Serius
717 4040 871 4089 quam
894 4025 1124 4088 oportuit
1142 4024 1252 4087 eJus
1276 4023 1472 4073 obitum
1497 4023 1645 4086 ponit
1663 4022 1967 4086 Hieronym.
1988 4022 2043 4070 in
2060 4020 2253 4070 Chron.
2284 4018 2406 4067 dnm
2430 4018 2498 4067 ad

297 4122 382 4155 an.
407 4102 726 4169 Vespasiani
750 4117 853 4153 vn.
879 4105 952 4153 sic
976 4103 1238 4167 loquitur:
1274 4101 1372 4154 ‘Q
1395 4100 1652 4151 Asconius
1674 4101 1941 4151 Pedianus
1965 4101 2190 4163 scriptor
2224 4098 2499 4149 historiens

296 4188 467 4237 clarus
496 4186 736 4244 habetur,
761 4185 846 4250 qui
871 4197 1071 4234 nxxm.
1108 4183 1278 4233 aetatis
1319 4197 1425 4232 suae
1465 4196 1600 4231 anno
1639 4189 1832 4246 captus
1849 4181 2144 4242 luminibus,
2178 4193 2285 4229 κη.
2319 4184 2500 4243 postea

301 4268 450 4317 annis
477 4268 527 4316 in
552 4281 750 4316 summo
789 4265 1017 4314 omnium
1043 4266 1234 4314 honore
1260 4261 1622 4314 consenescit?
1689 4262 1899 4313 Obierit
1923 4262 2078 4325 igitur
2101 4262 2142 4310 is
2165 4270 2299 4310 anno
2323 4258 2499 4319 Domi·
