3000 4917
495 371 669 458 4976

499 534 682 585 codice
701 532 874 582 Tolet.
910 530 1056 581 Iden.

597 612 733 660 CAP.
756 621 924 657 xnvn.
998 607 1252 655 Ventorum
1267 620 1461 666 genera.

493 739 498 744 ,
574 686 832 736 Ventorum
848 683 1048 745 genera]
1079 682 1279 730 Vetera
1299 680 1561 741 exempla-

501 762 580 810 ria
601 775 703 809 non
725 763 971 822 separant
1002 757 1100 806 boc
1131 762 1289 819 capnt
1314 770 1343 803 a
1365 767 1562 818 praece·

506 837 669 886 denti.
704 836 875 884 Dulce.

600 912 798 966 Veteres,
833 913 1031 971 quatuor
1076 906 1265 955 maino
1304 918 1563 959 servavere,

500 1003 587 1051 per
605 987 800 1036 totidem
817 985 980 1034 maadi
996 990 1187 1048 partes.
1177 1001 1191 1013 ·
1222 983 1329 1032 ideo
1349 997 1434 1031 aec
1456 983 1564 1030 He-

501 1077 659 1112 raens
687 1063 846 1124 plures
879 1061 1114 1110 nominat.
1183 1059 1358 1108 Hebeti
1379 1065 1434 1108 at
1453 1073 1566 1107 nox

491 1138 764 1199 judicatum
786 1137 951 1186 idest.
1013 1135 1190 1185 &cuia
1220 1139 1458 1184 aetusocio
1478 1135 1565 1182 ad-

503 1214 650 1275 didit,
686 1213 873 1262 ratione
909 1212 1051 1261 nimis
1083 1211 1251 1260 subtili
1278 1215 1327 1258 et
1362 1209 1567 1257 concisa.

505 1289 756 1338 Proxanis
776 1290 905 1338 inter
925 1293 1170 1349 ueramque
1189 1287 1344 1335 media
1360 1283 1565 1347 placuit]

506 1365 603 1413 Est
632 1365 843 1429 quidem
881 1378 1059 1412 sensus
1093 1363 1228 1411 idem
1265 1362 1317 1409 in
1356 1360 1570 1423 antiqua

506 1441 756 1502 lectione,
782 1439 967 1490 mirum
990 1446 1181 1494 tamen,
1201 1444 1448 1503 quantum
1467 1435 1568 1484 sibi

507 1517 593 1566 bic
627 1516 901 1565 indulserit
933 1515 1217 1576 castigator
1236 1512 1415 1562 nescio
1436 1510 1571 1574 quis,

510 1592 765 1641 dictiones
789 1592 912 1640 alias
948 1589 1212 1645 addendo.
1248 1588 1378 1637 alias
1404 1595 1570 1636 trans-

510 1667 771 1729 ponendo,
810 1666 936 1714 alias
973 1665 1166 1713 divisas
1190 1660 1571 1725 componendo,

511 1756 770 1806 unamque
824 1740 1123 1790 continuam
1178 1739 1461 1787 orationem
1517 1736 1571 1784 in

510 1819 684 1880 plures
721 1818 943 1866 minutas
1000 1817 1178 1880 inepte
1234 1813 1572 1865 concidendo.

510 1894 690 1942 Talem
716 1893 983 1942 audaciam
1006 1892 1326 1942 ardeliouum
1349 1890 1572 1954 probare

510 1982 615 2017 non
654 1982 879 2031 possum.
948 1966 1262 2016 Hermolaus
1291 1972 1444 2015 extra
1466 1965 1574 2014 cnl-

472 2035 479 2042 ’
512 2059 632 2106 pam
657 2052 771 2093 est:
809 2043 1091 2093 Aleriensis
1113 2042 1337 2091 fortasse
1352 2055 1455 2090 nou
1472 2046 1575 2090 est.

516 2121 669 2170 Nunc
707 2119 826 2170 vide
878 2118 1213 2170 sinceriorem
1255 2118 1570 2167 lectionem·
1553 2151 1568 2163 .

524 2195 728 2258 Veteres,
753 2200 956 2259 quatuor
992 2194 1180 2243 onaiao
1204 2206 1470 2251 servavere,
1488 2205 1576 2253 per

515 2272 713 2321 totidem
744 2273 908 2321 muudi
943 2276 1135 2333 partes.-
1167 2270 1274 2318 ideo
1292 2284 1377 2318 nec
1399 2267 1578 2317 Hm-

516 2360 603 2395 ras
616 2347 782 2408 plures
801 2346 1029 2402 nominat,
1050 2343 1207 2393 hebeti
1231 2348 1288 2392 ut
1315 2358 1428 2392 mox
1438 2342 1576 2403 judi-

516 2427 674 2472 catum
703 2428 775 2470 est
803 2421 989 2470 ratione
1005 2438 1022 2469 .·
1054 2425 1214 2469 acuta
1232 2424 1351 2468 «etas
1369 2423 1471 2469 octo
1491 2420 1577 2467 ud-

517 2499 666 2560 didit,
687 2498 833 2546 nimis
852 2498 1015 2547 subtili
1036 2502 1084 2545 et
1119 2495 1327 2562 concisa,
1341 2495 1581 2557 proximis

518 2574 646 2623 iuter
663 2579 908 2636 utramque
926 2573 1080 2621 medio
1091 2570 1289 2633 placuit.
1356 2567 1517 2622 Quod,
1535 2569 1579 2617 si

520 2650 635 2711 quis
676 2647 960 2696 contendat
1021 2654 1250 2695 nostram
1301 2645 1580 2694 lectionem

525 2724 807 2772 scribarum
830 2723 1126 2772 temeritate
1148 2723 1441 2782 invectam3
1475 2722 1581 2784 pri·

521 2814 657 2848 mum
673 2798 991 2861 exemplaria
1005 2798 1336 2846 consentiunt
1351 2812 1367 2856 ς
1390 2797 1582 2846 deinde

523 2873 709 2923 scribae
740 2888 844 2922 uon
885 2872 1059 2921 solent
1096 2879 1201 2919 tam
1240 2870 1467 2920 feliciter
1499 2885 1579 2920 er·

523 2962 659 2997 rare.
714 2948 1098 3010 castigatorum
1121 2946 1230 2995 baec
1253 2946 1465 2995 solertia
1483 2952 1585 3009 est,

526 3024 982 3086 depravationibus
997 3022 1223 3085 speciem
1240 3021 1466 3086 aliquam
1483 3023 1585 3074 siu-

526 3099 760 3148 ceritatis
784 3097 1049 3162 affingere,
1070 3112 1285 3162 quorum
1314 3097 1585 3161 impuden-

528 3175 600 3223 tia
638 3173 846 3238 saepius,
882 3190 1034 3239 quam
1069 3175 1273 3230 vellem,
1295 3188 1470 3224 ansam
1493 3175 1583 3226 de-

529 3251 882 3300 stomacbaudi
910 3251 1127 3313 praebet.
1157 3251 1325 3300 Gelen.

595 3326 855 3389 Homerus]
893 3324 1086 3387 Odyss.
1109 3331 1163 3373 E.
1187 3324 1281 3375 Σὺν
1310 3324 1351 3372 δ’
1372 3322 1504 3386 εὖρός
1529 3334 1588 3373 τό

527 3401 666 3463 νόῳ-ος
695 3403 741 3449 τ’
765 3400 925 3460 ἔπεσε,
947 3399 1141 3465 ζέφυρός
1173 3419 1231 3450 τε
1265 3402 1458 3464 δυσαὴς,
1494 3402 1588 3451 Καὶ

527 3476 698 3539 βορέης
714 3476 1060 3539 αἰθρηγενέτης.
1108 3478 1361 3528 Musaeus:
1397 3484 1587 3541 Μαρνα-

527 3553 680 3616 μένων
696 3552 891 3616 ἀνέμων,
907 3551 1088 3616 ζεφύρῳ
1104 3554 1143 3601 δ’
1164 3553 1417 3603 ἁντέπνεεν
1436 3551 1588 3618 εὖρος,

532 3628 622 3677 Καὶ
659 3629 791 3679 νότος
828 3631 877 3678 ἐς
918 3627 1090 3692 βορέην
1129 3628 1346 3691 μεγάλας
1381 3628 1588 3691 ἀφέηκεν
1608 3676 1620 3686 ,

532 3705 744 3756 eremas.
786 3704 947 3754 Arist.
986 3713 1156 3756 tamen
1192 3706 1285 3755 lib.
1319 3719 1378 3753 n.
1412 3708 1586 3755 Mete-

532 3784 727 3845 orolog.
753 3788 929 3831 ventos
959 3796 1028 3830 ex
1050 3774 1267 3830 adverso
1290 3789 1498 3830 ruentes
1521 3783 1588 3830 si-

533 3859 634 3905 mul
657 3856 781 3905 flare
802 3871 904 3905 non
929 3870 1077 3919 posse
1101 3856 1279 3904 tradit.
1314 3857 1486 3905 Doleo.

599 3930 646 3979 A
672 3931 876 3979 Meridie
895 3930 1095 3991 Auster,
1113 3936 1161 3979 et
1176 3930 1235 3979 ab
1256 3932 1461 3995 Occasu]
1486 3932 1588 3980 Mi-

535 4018 646 4051 rum
704 4005 839 4067 quod
896 4005 1208 4054 Aristotelea
1263 4007 1486 4055 Meteor.
1524 4021 1587 4056 ιι.

536 4077 780 4127 Austrum
807 4096 837 4128 a
860 4081 1035 4129 mundi
1058 4088 1205 4144 parte
1237 4096 1351 4144 quae
1385 4089 1589 4132 antarc-

539 4153 646 4202 tico
686 4155 804 4215 polo
848 4155 1088 4217 subjecta
1127 4164 1209 4205 est
1245 4155 1372 4206 flare
1415 4164 1590 4220 negat,

537 4227 672 4293 quod
692 4235 797 4278 tam
822 4230 999 4291 procul
1031 4229 1097 4280 ad
1131 4243 1223 4282 nos
1251 4231 1415 4296 usque
1434 4231 1588 4284 flatus

1184 386 1402 435 NO'rAE
1448 382 1853 432 VAlttoRUM
1905 381 1984 429 ll(

1636 525 1908 588 pervenire
1946 533 2053 572 non
2096 520 2283 584 possit,
2313 523 2435 570 cuin
2473 518 2531 567 in
2573 517 2700 566 Pro·

1636 601 1859 650 blem.et
1883 600 1971 647 lib.
1987 598 2054 646 de
2080 597 2278 646 Mundo
2296 597 2363 644 ad
2384 596 2543 645 Alex.
2560 595 2701 643 illinc

1636 675 1766 725 flare
1790 674 1980 724 tradat.
2005 673 2165 723 ovid.
2186 680 2335 720 certe
2349 687 2418 720 ex
2430 672 2609 720 Ponto
2629 683 2702 719 tv.

1636 752 1703 801 ab
1725 757 1842 799 ortu
1864 764 1957 798 suo
1981 747 2161 811 procul
2180 745 2495 808 digressum,
2505 745 2703 808 langui·

1638 827 1761 875 dum
1797 824 2051 874 accedere
2087 821 2300 898 scribit:
2351 828 2367 849 ‘
2395 821 2501 869 Hic
2543 821 2706 870 oritur

1638 903 1855 961 Boreas,
1875 912 2084 965 oraeque
2105 898 2424 947 domesticus
2448 896 2577 946 haic
2609 902 2706 951 est,

1639 981 1710 1029 Et
1732 980 1890 1028 sumit
1912 978 2046 1027 vires
2084 990 2117 1024 a
2151 976 2399 1038 propiore
2430 975 2568 1022 loco.
2636 971 2708 1019 At

1641 1056 1811 1105 Notus
1834 1053 2056 1103 adversa
2076 1052 2286 1117 tepidus
2312 1050 2404 1115 qui
2435 1049 2608 1111 spirat
2642 1046 2705 1095 ab

1641 1146 1779 1187 arce,
1800 1133 1897 1180 Est
1919 1132 2103 1192 procul
2125 1137 2183 1180 et
2204 1142 2373 1188 rarus,
2393 1123 2706 1188 languidior·

1641 1224 1744 1272 que
1770 1207 1944 1257 venit-³
1977 1208 2130 1257 Idem.

1703 1284 1751 1333 A
1775 1283 2198 1346 Septentrinibas,
2219 1278 2522 1344 Septentrio]
2548 1277 2707 1328 ovid.

1641 1359 1947 1423 ‘Scythiam
1985 1360 2308 1423 septemque
2348 1356 2551 1406 triones
2574 1355 2710 1404 Hor·

1643 1436 1770 1486 rifer
1786 1436 1977 1486 invasit
1994 1438 2193 1486 Boreas
2210 1452 2227 1486 ι
2257 1435 2528 1485 contraria
2558 1435 2709 1483 tellus

1644 1512 1883 1562 Nubibus
1904 1512 2125 1561 assiduis
2148 1512 2429 1575 pluvioque
2457 1509 2713 1559 madescit

1645 1589 1712 1637 ab
1734 1585 1967 1637 Austro-³
2029 1585 2214 1637 Idem:
2249 1594 2264 1616 ⁴
2285 1584 2518 1635 Letiferi
2557 1584 2711 1634 calidi

1643 1663 1908 1725 spirarunt
1928 1660 2142 1711 flatibus
2163 1659 2385 1711 Austri!
2441 1659 2603 1708 Νότος
2622 1658 2714 1707 &rb

1643 1737 1732 1785 τοῦ
1752 1735 1949 1792 νοτίδος,
1971 1736 2032 1785 ab
2052 1737 2243 1786 tunore
2263 1741 2313 1784 et
2327 1735 2519 1784 achela.
2557 1734 2712 1783 Hom.

1645 1812 1769 1861 κατὰ
1788 1811 1848 1870 δὴ
1868 1810 2021 1861 νότιος
2044 1809 2149 1874 ῥέεν
2166 1810 2321 1874 iopas.
2381 1810 2572 1859 Idemz
2605 1811 2713 1858 οὔτε

1644 1887 1892 1948 θαλάσσης
1912 1890 2036 1947 κῦμα
2049 1886 2197 1937 τόσον
2213 1884 2342 1943 Beda
2358 1885 2504 1949 προτὶ
2518 1883 2715 1948 χέρσον,

1645 1965 1883 2091 11¹va
1895 1963 2286 2028 ὄννύμενονποίτι
2299 1961 2454 2025 βορέω
2467 1962 2715 2025 ἀλφοῦ-

1677 2045 1798 2091 dem·

1638 2159 1645 2168 .
1705 2119 1784 2169 Ab
1792 2124 1900 2168 ortu
1910 2118 2155 2168 solstitiali
2164 2116 2634 2167 Pkoeaiciamnedia
2643 2129 2717 2165 re·

1641 2196 1786 2258 ‘ione
1800 2197 1930 2246 inter
1941 2202 2098 2245 ortam
2113 2196 2367 2245 banalem
2383 2200 2433 2244 et
2445 2193 2717 2254 numidica]

1649 2274 1855 2324 Ventus
1885 2273 2204 2336 interjacens
2227 2278 2398 2320 ortum
2426 2269 2718 2319 brumalem

1649 2356 1706 2399 et
1736 2348 2007 2397 meridiem
2027 2362 2130 2411 qua
2162 2348 2366 2395 ratione
2406 2347 2577 2408 possit
2613 2344 2716 2406 spi-

1651 2437 1768 2473 rare
1792 2423 1858 2472 ab
1879 2431 1997 2476 ortu
2019 2423 2279 2472 solstitiali
2309 2422 2526 2470 minime
2550 2420 2718 2484 perci-

1652 2501 1758 2563 pio,
1777 2513 1931 2564 quum
1955 2505 2095 2549 ortus
2131 2498 2421 2547 solstitialis
2445 2496 2718 2545 submotus

1652 2577 1721 2625 sit
1763 2575 1830 2624 ab
1867 2581 1988 2625 ortn
2026 2574 2248 2623 brumali
2281 2581 2404 2622 octo
2447 2570 2619 2620 ferme
2662 2577 2720 2620 et

1652 2650 1992 2715 quadraginta
2017 2650 2252 2714 partibus
2262 2664 2330 2697 ex
2342 2649 2720 2711 supputatione

1656 2734 2065 2776 astronomorum
2122 2727 2287 2775 nostri
2346 2724 2621 2787 temporis,
2664 2733 2721 2771 et

1651 2804 1807 2865 louge
1830 2802 2066 2865 pluribus
2088 2817 2120 2850 a
2139 2801 2372 2850 meridie.
2441 2801 2721 2862 Quaprop-

1654 2884 1738 2926 ter
1774 2877 1934 2926 verba
1965 2877 2074 2939 illa,
2108 2877 2170 2926 ab
2197 2883 2307 2926 orta
2341 2876 2617 2937 solstitiali,
2655 2876 2720 2924 ad

1654 2954 1920 3015 superiora
1942 2953 2239 3014 pertineant
2254 2966 2467 3002 necesse
2490 2960 2608 3001 est:
2645 2958 2724 3000 et-

1655 3028 1698 3076 si
1732 3028 1970 3077 existimo
1992 3028 2153 3091 magis
2184 3029 2567 3092 expositionem
2590 3042 2722 3091 esse,

1656 3102 2055 3166 glossulamqne,
2087 3109 2149 3151 nt
2183 3101 2384 3165 dicunt,
2420 3103 2723 3151 interlinea-

1655 3191 1782 3240 rem,
1815 3191 1969 3242 quam
1991 3178 2231 3227 Pliniana
2264 3177 2444 3233 verba,
2466 3186 2527 3227 ut
2551 3192 2621 3227 ex
2643 3192 2724 3226 or-

1656 3253 1778 3303 dine
1805 3254 2060 3316 prodendi
2085 3260 2321 3317 apparet.
2370 3254 2610 3303 Verbum
2636 3255 2722 3302 ab·

1659 3338 1764 3379 tem
1796 3331 2093 3379 Phoenicium
2129 3330 2333 3380 initium
2376 3337 2602 3392 proestat
2643 3344 2721 3378 se-

1657 3405 1838 3470 quenti
1862 3419 2015 3454 caeso.
2081 3406 2185 3457 Qui
2223 3411 2408 3453 ventus
2446 3405 2525 3453 ita
2547 3405 2722 3454 dictus

1659 3486 1758 3536 est,
1778 3480 1919 3544 quod
1942 3495 1973 3528 a
1998 3479 2246 3529 Carbanis
2266 3485 2425 3542 gente
2442 3479 2725 3529 Phoenices

1659 3556 1846 3618 spiret,
1867 3563 2076 3604 auctore
2110 3555 2429 3605 innominato
2463 3557 2725 3618 scriptore

1661 3632 1868 3693 Groeco,
1888 3631 1955 3680 de
1979 3631 2137 3695 siguis
2160 3645 2407 3696 aquarum
2446 3637 2504 3680 et
2545 3638 2724 3682 vento-

1660 3721 1792 3755 rum.
1825 3706 2050 3754 Piaiiun.

1725 3783 1862 3831 Inter
1904 3782 2160 3831 Meridieas
2196 3788 2245 3831 et
2284 3782 2539 3831 hibernum
2584 3782 2726 3832 om·-

1656 3859 1845 3908 dentem
1886 3854 2172 3917 Βίἱκυιοίοπ]
2240 3856 2426 3905 Scribo
2469 3858 2727 3919 libonotoa,

1660 3947 1764 3981 non
1801 3933 2058 3994 libamen,
2080 3945 2144 3980 ex
2169 3931 2458 3980 Aristotele
2498 3933 2724 3981 Meteor.

1661 4021 1724 4058 ιι.
1742 4014 1797 4056 et
1814 4006 2112 4056 Alexandro
2133 4007 2242 4070 ejus
2260 4009 2582 4069 expositore,
2598 4009 2722 4058 item

1660 4083 1898 4132 Vitruvio
1923 4083 2104 4145 primo,
2127 4089 2180 4131 et
2195 4082 2398 4131 Seneca
2414 4082 2603 4147 quinto
2619 4083 2725 4132 Na-

1662 4159 1904 4207 turalium
1927 4158 2309 4209 Quaestionum:
2364 4174 2396 4207 a
2417 4173 2523 4223 qno
2546 4158 2719 4208 obser-

1663 4240 1837 4285 vatum
1858 4240 1961 4298 est,
1983 4246 2163 4286 carere
2196 4247 2313 4284 eum
2344 4240 2561 4285 ventum
2586 4234 2720 4284 Lati-
