3000 4917
500 427 672 493 4950
1481 438 1727 488 ιΝυΕι
1770 446 1785 475 ι

499 567 842 619 veterinariae
866 564 1138 617 medicinae
1162 564 1468 629 scriptores.
1538 565 1677 615 Item
1708 564 1776 613 de
1801 563 1883 613 Re
1907 562 2127 615 Rustica
2154 560 2452 628 fragmenta
2476 561 2718 628 quaedam

498 650 550 700 in
575 648 918 712 Geoponicis.

566 730 910 795 Theophrastus
934 725 1229 778 Aristotelis
1263 726 1317 775 in
1353 725 1527 775 schola
1550 723 1858 776 Atheniensi
1885 725 2122 776 alumnus
2153 725 2312 791 idern,
2336 731 2390 776 et
2417 740 2713 787 successor,

498 811 670 875 patria
694 808 922 867 Eresius,
944 807 1226 858 Menandri
1249 806 1447 857 Comici
1464 806 1742 868 magisterz
1771 804 1915 870 cujus
1936 819 2151 869 operum
2175 805 2455 855 elenchum
2472 804 2714 855 Laertius

493 889 674 947 hahet,
702 890 793 940 lib.
818 904 873 940 ν.
906 905 959 954 p.
990 893 1101 941 124.
1171 888 1432 938 Meursius
1470 886 1891 952 libro.singulari
1929 886 2158 951 collegit.
2225 886 2639 951 Harpocration,
2660 900 2712 950 p.

494 976 608 1021 166.
633 969 794 1020 verbo
817 969 1070 1035 Κηχροὸν
1089 968 1325 1022 meminit
1349 966 1589 1031 opusculi
1610 967 1720 1031 περὶ
1739 967 2013 1029 μετάλλων.

559 1051 876 1115 Theopompus
909 1050 1086 1114 Chius,
1117 1048 1364 1100 Isocratis
1398 1047 1629 1098 auditor.
1697 1048 1919 1112 Scripsit
1956 1048 2021 1097 de
2054 1047 2230 1098 Rebus
2269 1048 2496 1108 Grecis,
2532 1062 2566 1097 a
2607 1045 2711 1096 fine

491 1131 810 1196 Thucydidis
832 1137 888 1182 et
910 1131 1293 1195 Xenophontis,
1309 1128 1481 1180 'libros
1508 1142 1613 1180 ιιι.
1637 1129 1812 1194 inquit
1833 1130 2093 1180 Diodorus
2113 1128 2209 1179 lib.
2235 1142 2351 1179 xtv.
2373 1144 2430 1193 p.
2449 1132 2569 1178 303.
2626 1127 2709 1176 De

490 1213 666 1262 Terrae
691 1213 943 1275 Motibus,
964 1218 1101 1263 teste
1122 1213 1440 1275 Phlegonte,
1472 1212 1539 1262 de
1566 1211 1738 1261 Rebus
1763 1212 1957 1262 Mirab.
1994 1226 2043 1261 c.
2071 1214 2148 1261 19.
2184 1226 2236 1275 p.
2257 1214 2341 1260 86.
2409 1209 2500 1259 De
2526 1207 2707 1258 Rebus

491 1290 846 1366 Admirandis,
867 1299 1004 1343 teste
1030 1292 1327 1358 Apollonio,
1353 1291 1493 1341 Hist.
1511 1293 1808 1343 Commeat.
1837 1306 1884 1343 c.
1910 1296 1990 1342 10.
2059 1290 2361 1356 Philippica
2377 1290 2529 1340 libris
2542 1302 2706 1339 nvnr.

490 1379 629 1424 teste
650 1372 884 1423 Diodoro
908 1373 998 1423 lib.
1023 1387 1146 1422 xvi.
1168 1376 1270 1423 ὅτε.

560 1454 836 1519 strasyllas
855 1453 1181 1511 Mendesius.
1203 1452 1422 1517 Augusti
1445 1468 1508 1504 ac
1527 1453 1726 1504 Tiberii
1751 1453 2051 1518 principatu
2076 1453 2223 1516 vixit,
2255 1458 2396 1503 teste
2429 1451 2710 1507 Suetonio,

490 1549 543 1600 p.
568 1539 652 1585 37.
673 1542 728 1585 et
751 1540 833 1585 51.
901 1535 1122 1599 Scripsit
1143 1536 1201 1585 de
1231 1534 1510 1599 lapidibus,
1542 1534 1647 1600 περὶ
1677 1535 1840 1597 λίθων,
1873 1540 1933 1584 ut
1973 1542 2158 1585 auctor
2196 1541 2279 1583 est
2319 1531 2597 1583 Plutarch.
2634 1530 2705 1579 de

491 1616 705 1667 Flumiu.
737 1631 791 1680 p.
816 1620 961 1667 1157.
1029 1616 1111 1665 De
1135 1615 1311 1665 Rebus
1333 1616 1680 1680 AEgyptiacis,
1704 1616 1843 1665 idem
1864 1631 1917 1681 p.
1942 1619 2088 1665 1158.
2155 1613 2370 1664 Tacitus
2406 1611 2601 1661 Annal-
2629 1624 2708 1661 vr.

489 1712 608 1762 pag.
634 1699 746 1748 141.
784 1697 1145 1748 Chaldaeornm
1187 1696 1338 1760 artis,
1379 1697 1490 1746 sive
1534 1696 1853 1760 Astrologiae
1898 1695 2299 1762 peritisssimum
2337 1692 2502 1743 fuisse
2543 1692 2708 1756 signi·

493 1778 636 1829 ficat.

556 1860 866 1924 stuc-ydida,
888 1859 1320 1925 Peloponnesiaci
1345 1858 1468 1910 belli
1494 1859 1721 1924 scriptor
1741 1858 1977 1917 omnibns
2003 1864 2173 1908 notus.

556 1938 760 1989 Timoeas
779 1940 987 1991 Siculus.
1053 1940 1476 1991 Tauromenitam
1500 1939 1663 1991 fuisse
1685 1937 1974 1990 Athenaeus
1998 1939 2154 1990 docet
2173 1938 2263 1990 lib.
2284 1952 2349 1989 ιι.
2382 1952 2438 2002 p.
2463 1941 2582 1988 163.
2609 1935 2703 1987 ubi

484 2020 670 2071 librum
696 2035 886 2071 nonum
909 2020 1090 2072 laudat
1111 2022 1226 2086 ejus
1249 2021 1619 2071 Historiarum.
1687 2021 1899 2071 Librum
1926 2035 2049 2070 vero
2076 2033 2223 2071 ιιιι.
2261 2018 2573 2070 citatidem
2607 2018 2700 2074 lib,

484 2115 562 2151 vt.
586 2116 636 2166 p.
660 2105 775 2151 250.
843 2102 1062 2167 Scripsit
1099 2110 1155 2152 et
1185 2101 1306 2165 alia,
1335 2101 1401 2151 de
1436 2101 1624 2167 quibus
1657 2101 1861 2153 Suidas.
1930 2102 2118 2167 Pyrrhi
2141 2101 2331 2153 bellum
2354 2100 2703 2164 descripsisse

487 2189 673 2231 auctor
695 2189 775 2232 est
800 2182 988 2233 Cicero
1011 2184 1063 2232 in
1087 2183 1325 2247 Epistola
1349 2181 1415 2233 ad
1439 2184 1710 2246 Luceium,
1732 2190 1789 2234 et
1811 2183 2021 2249 quidem
2059 2183 2306 2248 singulari
2343 2182 2394 2232 ei
2433 2182 2578 2232 bello
2615 2180 2700 2229 di-

479 2269 604 2313 eato
637 2261 1012 2326 volumine,'ut
1051 2264 1130 2313 ait
1161 2265 1382 2329 Dionys.
1419 2264 1598 2316 Halic.
1632 2266 1724 2317 lib.
1745 2280 1787 2316 r.
1813 2280 1865 2330 p.
1888 2271 1940 2316 5.
2006 2265 2156 2318 vixit
2193 2264 2497 2329 Agathoclis
2533 2262 2701 2312 Siculi

475 2342 642 2406 Regis
669 2344 1010 2407 temporibus.
2662 2373 2668 2380 ·

552 2423 759 2475 Timoeus
781 2425 1170 2490 Mathematicus,
1188 2425 1254 2477 ab
1277 2426 1525 2477 historico
1546 2427 1933 2491 Tauromenita,
1953 2429 2021 2479 de
2050 2442 2153 2493 quo
2188 2428 2425 2493 proxime
2447 2426 2701 2492 diximus,

478 2503 733 2553 diversus.
814 2506 1007 2557 Locrus
1047 2507 1134 2557 hic
1173 2508 1346 2572 patria
1388 2507 1510 2571 fnit,
1554 2508 1879 2575 professione
1924 2509 2286 2575 Pythagoreus
2324 2509 2694 2574 Philosophus.

479 2584 705 2649 Scripsit
728 2585 1120 2650 Mathematica,
1144 2588 1280 2638 unde
1320 2589 1393 2640 illi
1432 2604 1723 2653 cognomen
1760 2591 1984 2641 adhaesit
2019 2590 2403 2652 Mathematici,
2426 2591 2480 2640 in
2504 2590 2698 2642 Indice

477 2664 722 2714 Pliniana
745 2665 840 2716 lib.
864 2680 917 2717 v.
941 2675 998 2718 et
1016 2667 1111 2716 lib.
1129 2681 1247 2719 xvr.
1318 2667 1459 2718 Vide
1484 2669 1695 2720 Suidam
1727 2677 1866 2721 tomo
1889 2686 1949 2722 rr.
1971 2685 2025 2735 p.
2048 2674 2165 2722 910.

550 2744 757 2794 Timoeus
790 2746 878 2810 qui
921 2746 987 2797 de
1019 2748 1290 2799 Metallica
1318 2749 1606 2801 Medicina'
1625 2752 1850 2817 scripsit,
1878 2759 1938 2802 ut
1969 2753 2171 2803 Plinius
2207 2752 2284 2803 ait
2315 2751 2367 2802 in
2389 2752 2579 2804 Indice
2600 2753 2692 2804 lib.

479 2834 696 2874 xxxin.
719 2840 748 2873 a
769 2825 966 2890 Siculo,
989 2835 1043 2876 et
1065 2829 1460 2890 Ma'thematico,
1485 2839 1542 2880 nt
1569 2832 1775 2896 quidem
1799 2833 2022 2898 videtur,
2040 2832 2293 2883 diversus.

546 2904 833 2968 magenes
854 2906 1261 2972 Alexandrinus,
1286 2911 1468 2961 Romae
1503 2912 1707 2972 docuit,
1740 2915 1992 2979 Pompeio
2023 2915 2320 2980 Caesarique
2343 2905 2690 2980 gratissimus.

475 2986 748 3051 Periplum
781 2988 990 3053 scripsit
1012 2990 1158 3039 libris
1178 2993 1426 3057 quinque.
1494 2992 1628 3043 Haec
1662 2994 1848 3045 Suidas
1871 3003 2010 3045 tomo
2030 3008 2094 3045 rr.
2125 3009 2176 3059 p.
2198 2998 2316 3046 907.
2380 2995 2609 3059 Scripsit
2631 3003 2691 3045 et

475 3066 544 3115 de
557 3064 988 3131 'Antiquitatibus
1011 3070 1218 3134 Galliae,
1239 3076 1374 3121 teste
1396 3071 1671 3124 Ammiano
1691 3075 1934 3126 Marcell.
1955 3075 2046 3126 lib.
2069 3088 2163 3126 xv.
2185 3090 2239 3140 p.
2261 3081 2344 3126 50.
2379 3075 2520 3142 quod
2556 3091 2690 3142 opus

476 3146 812 3198 vehementer
836 3148 1027 3201 laudat.
1096 3151 1183 3201 De
1206 3165 1269 3200 eo
1291 3151 1495 3203 Seneca
1520 3160 1690 3217 pater,
1712 3155 1963 3207 controv.
1985 3169 2189 3208 ιιιιν.

544 3227 842 3278 Timaristus.
908 3232 995 3280 De
1019 3232 1214 3295 plantis
1236 3235 1504 3300 scripsisse
1528 3236 1720 3287 dicitur
1742 3252 1773 3288 a
1795 3238 1967 3289 Plinio
2006 3252 2134 3289 ιιι.
2170 3244 2283 3290 105.
2352 3237 2428 3289 At
2448 3238 2502 3288 in
2529 3238 2683 3289 Colb.

474 3313 527 3359 2.
562 3309 831 3359 Timaretus
849 3313 1157 3375 appellatur.

522 3387 878 3440 Timosthenes.
946 3392 1152 3442 Vixisse
1173 3394 1312 3446 hunc
1345 3403 1503 3448 oetate
1534 3398 1805 3449 Ptolemaei
1835 3399 2160 3465 Philadelphi
2180 3408 2364 3451 auctor
2383 3408 2466 3451 est
2483 3401 2681 3455 Strabo

471 3468 562 3519 lib.
587 3482 667 3519 lx.
691 3484 745 3533 p.
766 3474 881 3520 421.
903 3471 993 3520 ubi
1018 3472 1229 3537 dicitur}
1247 3475 1481 3541 ναύαρχος
1511 3481 1600 3530 τοῦ
1637 3479 1855 3546 δευτέρου
1884 3480 2201 3543 Πτολεμαίου.
2266 3483 2338 3532 Et
2369 3483 2677 3535 Marcianas

472 3550 691 3601 Heracl.
715 3565 763 3614 p.
784 3556 867 3601 95.
912 3553 1197 3613 Τιμοσθένης
1214 3557 1241 3604 ὁ
1261 3556 1432 3611 Ῥόδιός
1453 3561 1593 3610 ἐστιν
1608 3562 2006 3627 ἀρχικυβερνήτης
2022 3565 2112 3622 Ι’νοῦ
2125 3561 2343 3626 δευτέρου
2359 3564 2678 3626 Πτολεμαίου·

471 3636 623 3699 Opus
646 3634 760 3698 ejus
781 3634 895 3700 Περὶ
915 3634 1117 3697 λιμέσιν,
1151 3641 1208 3689 de
1228 3640 1490 3706 Portubus,
1524 3644 1685 3695 libros
1709 3645 1890 3696 decem
1913 3647 2242 3710 complexum
2263 3646 2523 3697 laudabat
2545 3650 2674 3700 Era.

468 3717 763 3767 tosthenes:
802 3716 892 3766 sed
918 3725 1089 3768 errata
1115 3720 1167 3768 in
1203 3733 1266 3771 eo
1294 3736 1391 3774 nec
1422 3739 1612 3789 pauca,
1645 3740 1743 3777 nec
1766 3726 1975 3789 exigna,
1997 3726 2342 3792 deprehendit
2362 3729 2560 3780 Strabo
2579 3731 2670 3782 lib.

467 3811 532 3848 ιι.
568 3812 622 3862 p.
646 3801 729 3848 92.
797 3796 947 3849 Inter
971 3807 1173 3850 veteres
1207 3803 1389 3865 primae
1411 3814 1553 3855 notar
1579 3806 1916 3871 Geographos
1937 3808 2149 3872 ponitur
2183 3824 2215 3859 a
2252 3810 2497 3873 Scymmo
2522 3812 2670 3877 Chio,

468 3894 521 3943 p.
546 3886 597 3930 5.
631 3878 941 3944 Stephanus,
972 3881 1134 3932 verbo
1164 3880 1359 3944 Ἀγάθη,
1389 3885 1508 3949 ejus
1528 3885 1825 3949 Σταδιασμδν
1842 3888 2042 3950 laudat,
2064 3889 2166 3939 hoc
2187 3897 2289 3953 est,
2309 3890 2673 3943 Dissensiones

476 3959 639 4008 Terroe
668 3975 756 4024 per
776 3961 952 4013 stadim
1021 3963 1105 4011 De
1129 3977 1192 4013 eo
1217 3963 1598 4030 Agathemerus
1627 3968 1824 4033 Geogr.
1849 3983 1890 4018 ι.
1918 3973 1969 4020 2.
2034 3969 2318 4030 Τιμοσθένης
2342 3969 2395 4021 δὲ
2426 3972 2456 4020 ὃ
2483 3971 2670 4037 γράφω·

466 4038 577 4089 τοὺς
597 4038 866 4103 repis-Aous,
896 4060 941 4091 κ.
965 4060 1012 4093 τ.
1034 4051 1087 4093 λ.

537 4120 677 4170 Titus
698 4122 961 4185 Imperator
986 4126 1166 4174 (ἔωσαν.
1232 4126 1319 4178 De
1358 4141 1421 4178 eo
1457 4127 1680 4180 diximus
1717 4131 1770 4180 in
1792 4129 2102 4195 praefatione
2124 4130 2192 4181 ad
2215 4131 2386 4196 ipsum
2408 4132 2664 4199 inscripta

464 4217 497 4252 a
519 4200 710 4255 Plinio,
733 4216 1034 4269 rursumque
1058 4220 1122 4256 n.
1144 4210 1226 4258 22.

465 4291 472 4298 ·
529 4280 818 4343 Tlepolemus
840 4282 1096 4335 Medicus.
1164 4286 1427 4338 Laudatur
1449 4302 1544 4340 xx.
1568 4292 1648 4342 73.
