<?xml version="1.0" encoding="UTF-8"?>
<!DOCTYPE html PUBLIC "-//W3C//DTD XHTML 1.0 Transitional//EN"
    "http://www.w3.org/TR/xhtml1/DTD/xhtml1-transitional.dtd">
<html xmlns="http://www.w3.org/1999/xhtml" xml:lang="en" lang="en">
 <head>
  <title>
</title>
<meta http-equiv="Content-Type" content="text/html;charset=utf-8" />
  <meta name='ocr-system' content='tesseract 3.04.00' />
  <meta name='ocr-capabilities' content='ocr_page ocr_carea ocr_par ocr_line ocrx_word'/>
</head>
<body>
  <div class='ocr_page' id='page_1' title='image "./cpliniisecundin01valpgoog_0501.png"; bbox 0 0 3000 4917; ppageno 0'>
   <div class='ocr_carea' id='block_1_1' title="bbox 812 395 2480 463">
    <p class='ocr_par' dir='ltr' id='par_1_1' title="bbox 812 395 2480 463">
     <span class='ocr_line' id='line_1_1' title="bbox 812 395 2480 463; baseline 0.004 -6"><span class='ocrx_word' id='word_1_1' title='bbox 812 408 990 457; x_wconf 72' lang='grc' dir='ltr'><strong>ΝΑΤ.</strong></span> <span class='ocrx_word' id='word_1_2' title='bbox 1036 407 1237 457; x_wconf 76' lang='lat' dir='ltr'>ms&#39;r.</span> <span class='ocrx_word' id='word_1_3' title='bbox 1284 406 1430 456; x_wconf 67' lang='lat'>1213.</span> <span class='ocrx_word' id='word_1_4' title='bbox 1476 408 1806 459; x_wconf 82' lang='lat' dir='ltr'>xxxvu.</span> <span class='ocrx_word' id='word_1_5' title='bbox 1848 395 1959 461; x_wconf 80' lang='lat'>21.</span> <span class='ocrx_word' id='word_1_6' title='bbox 2306 396 2480 463; x_wconf 82' lang='lat'>4833</span> 
     </span>
    </p>
   </div>
   <div class='ocr_carea' id='block_1_2' title="bbox 254 548 2492 1868">
    <p class='ocr_par' dir='ltr' id='par_1_2' title="bbox 254 548 2492 1868">
     <span class='ocr_line' id='line_1_2' title="bbox 262 548 2492 641; baseline 0.002 -21"><span class='ocrx_word' id='word_1_7' title='bbox 262 556 389 620; x_wconf 74' lang='lat' dir='ltr'>iis⁸</span> <span class='ocrx_word' id='word_1_8' title='bbox 420 554 805 620; x_wconf 82' lang='lat' dir='ltr'><strong>carbunculi</strong></span> <span class='ocrx_word' id='word_1_9' title='bbox 833 556 1096 620; x_wconf 86' lang='lat' dir='ltr'><strong>tenuior</strong></span> <span class='ocrx_word' id='word_1_10' title='bbox 1126 555 1322 638; x_wconf 80' lang='lat' dir='ltr'>igniS,</span> <span class='ocrx_word' id='word_1_11' title='bbox 1345 564 1453 620; x_wconf 91' lang='lat' dir='ltr'>est</span> <span class='ocrx_word' id='word_1_12' title='bbox 1475 557 1833 641; x_wconf 82' lang='lat' dir='ltr'><strong>amethysti</strong></span> <span class='ocrx_word' id='word_1_13' title='bbox 1863 556 2123 638; x_wconf 86' lang='lat' dir='ltr'>fulgens</span> <span class='ocrx_word' id='word_1_14' title='bbox 2153 548 2492 641; x_wconf 55' lang='lat' dir='ltr'>purpura}</span> 
     </span>
     <span class='ocr_line' id='line_1_3' title="bbox 262 654 2490 743; baseline 0.002 -22"><span class='ocrx_word' id='word_1_15' title='bbox 262 665 376 721; x_wconf 89' lang='lat' dir='ltr'>est</span> <span class='ocrx_word' id='word_1_16' title='bbox 430 656 766 738; x_wconf 84' lang='lat' dir='ltr'>smaragdi</span> <span class='ocrx_word' id='word_1_17' title='bbox 822 657 1040 722; x_wconf 88' lang='lat' dir='ltr'>virens</span> <span class='ocrx_word' id='word_1_18' title='bbox 1095 654 1332 733; x_wconf 69' lang='lat' dir='ltr'>mare,f</span> <span class='ocrx_word' id='word_1_19' title='bbox 1372 666 1444 721; x_wconf 90' lang='lat' dir='ltr'>et</span> <span class='ocrx_word' id='word_1_20' title='bbox 1493 668 1735 723; x_wconf 87' lang='lat' dir='ltr'>cuncta</span> <span class='ocrx_word' id='word_1_21' title='bbox 1796 661 2048 743; x_wconf 88' lang='lat' dir='ltr'>pariter</span> <span class='ocrx_word' id='word_1_22' title='bbox 2104 660 2490 725; x_wconf 61' lang='lat' dir='ltr'>incredibili*</span> 
     </span>
     <span class='ocr_line' id='line_1_4' title="bbox 263 759 2480 843; baseline 0.001 -20"><span class='ocrx_word' id='word_1_23' title='bbox 263 761 573 824; x_wconf 79' lang='lat' dir='ltr'><strong>mixtura</strong></span> <span class='ocrx_word' id='word_1_24' title='bbox 605 759 918 824; x_wconf 87' lang='lat' dir='ltr'>lucentia.</span> <span class='ocrx_word' id='word_1_25' title='bbox 1009 760 1153 823; x_wconf 79' lang='lat' dir='ltr'>Alii</span> <span class='ocrx_word' id='word_1_26' title='bbox 1185 778 1447 823; x_wconf 89' lang='lat' dir='ltr'>summo</span> <span class='ocrx_word' id='word_1_27' title='bbox 1469 760 1746 843; x_wconf 85' lang='lat' dir='ltr'>fulgoris</span> <span class='ocrx_word' id='word_1_28' title='bbox 1779 768 2133 843; x_wconf 87' lang='lat' dir='ltr'>augmento</span> <span class='ocrx_word' id='word_1_29' title='bbox 2160 772 2180 810; x_wconf 81' lang='lat'><em>³</em></span> <span class='ocrx_word' id='word_1_30' title='bbox 2215 764 2480 827; x_wconf 89' lang='lat' dir='ltr'>colores</span> 
     </span>
     <span class='ocr_line' id='line_1_5' title="bbox 260 854 2479 947; baseline 0.001 -21"><span class='ocrx_word' id='word_1_31' title='bbox 260 854 759 945; x_wconf 86' lang='lat' dir='ltr'>pigmentorum</span> <span class='ocrx_word' id='word_1_32' title='bbox 810 882 1201 947; x_wconf 79' lang='lat' dir='ltr'>aequavere:</span> <span class='ocrx_word' id='word_1_33' title='bbox 1252 863 1373 928; x_wconf 87' lang='lat' dir='ltr'>alii</span> <span class='ocrx_word' id='word_1_34' title='bbox 1418 863 1694 928; x_wconf 86' lang='lat' dir='ltr'>sulfuris</span> <span class='ocrx_word' id='word_1_35' title='bbox 1742 865 2091 929; x_wconf 53' lang='lat' dir='ltr'>ardentem*</span> <span class='ocrx_word' id='word_1_36' title='bbox 2118 865 2479 940; x_wconf 88' lang='lat' dir='ltr'>flammam,</span> 
     </span>
     <span class='ocr_line' id='line_1_6' title="bbox 261 960 2479 1049; baseline -0 -18"><span class='ocrx_word' id='word_1_37' title='bbox 261 973 392 1031; x_wconf 86' lang='lat' dir='ltr'>aut</span> <span class='ocrx_word' id='word_1_38' title='bbox 439 967 645 1029; x_wconf 87' lang='lat' dir='ltr'>etiam</span> <span class='ocrx_word' id='word_1_39' title='bbox 690 966 867 1047; x_wconf 88' lang='lat' dir='ltr'>ignis</span> <span class='ocrx_word' id='word_1_40' title='bbox 920 966 1074 1030; x_wconf 93' lang='lat' dir='ltr'>oleo</span> <span class='ocrx_word' id='word_1_41' title='bbox 1122 968 1417 1031; x_wconf 82' lang='lat' dir='ltr'><strong>accensi.</strong></span> <span class='ocrx_word' id='word_1_42' title='bbox 1508 966 1906 1049; x_wconf 84' lang='lat' dir='ltr'>Magnitudo</span> <span class='ocrx_word' id='word_1_43' title='bbox 1953 960 2191 1032; x_wconf 72' lang='lat' dir='ltr'>nuce&#39;m</span> <span class='ocrx_word' id='word_1_44' title='bbox 2222 968 2479 1031; x_wconf 86' lang='lat' dir='ltr'>&#39;avella-</span> 
     </span>
     <span class='ocr_line' id='line_1_7' title="bbox 259 1070 2480 1153; baseline 0 -21"><span class='ocrx_word' id='word_1_45' title='bbox 259 1086 425 1132; x_wconf 84' lang='lat' dir='ltr'>nam</span> <span class='ocrx_word' id='word_1_46' title='bbox 450 1076 723 1151; x_wconf 63' lang='lat' dir='ltr'>aequat,</span> <span class='ocrx_word' id='word_1_47' title='bbox 770 1071 1016 1152; x_wconf 79' lang='lat' dir='ltr'>insigni</span> <span class='ocrx_word' id='word_1_48' title='bbox 1068 1070 1252 1153; x_wconf 88' lang='lat' dir='ltr'>apud</span> <span class='ocrx_word' id='word_1_49' title='bbox 1304 1089 1429 1133; x_wconf 92' lang='lat' dir='ltr'>nos</span> <span class='ocrx_word' id='word_1_50' title='bbox 1480 1070 1782 1135; x_wconf 86' lang='lat' dir='ltr'>historia.</span> <span class='ocrx_word' id='word_1_51' title='bbox 1875 1070 2226 1153; x_wconf 84' lang='lat' dir='ltr'>Siquidem</span> <span class='ocrx_word' id='word_1_52' title='bbox 2284 1077 2480 1133; x_wconf 82' lang='lat' dir='ltr'>extat</span> 
     </span>
     <span class='ocr_line' id='line_1_8' title="bbox 254 1171 2483 1257; baseline -0 -22"><span class='ocrx_word' id='word_1_53' title='bbox 254 1171 605 1254; x_wconf 75' lang='lat' dir='ltr'>hodieque</span> <span class='ocrx_word' id='word_1_54' title='bbox 632 1171 834 1255; x_wconf 86' lang='lat' dir='ltr'>hujus</span> <span class='ocrx_word' id='word_1_55' title='bbox 865 1173 1119 1255; x_wconf 85' lang='lat' dir='ltr'>generis</span> <span class='ocrx_word' id='word_1_56' title='bbox 1158 1191 1444 1255; x_wconf 86' lang='lat' dir='ltr'>gemma,</span> <span class='ocrx_word' id='word_1_57' title='bbox 1474 1180 1747 1254; x_wconf 87' lang='lat' dir='ltr'>propter</span> <span class='ocrx_word' id='word_1_58' title='bbox 1775 1192 1980 1257; x_wconf 87' lang='lat' dir='ltr'>quam</span> <span class='ocrx_word' id='word_1_59' title='bbox 2023 1173 2107 1236; x_wconf 88' lang='lat' dir='ltr'>ab</span> <span class='ocrx_word' id='word_1_60' title='bbox 2139 1171 2483 1247; x_wconf 65' lang='lat' dir='ltr'>Antonios</span> 
     </span>
     <span class='ocr_line' id='line_1_9' title="bbox 260 1273 2488 1357; baseline -0.001 -19"><span class='ocrx_word' id='word_1_61' title='bbox 260 1275 692 1357; x_wconf 85' lang='lat' dir='ltr'>proscriptus</span> <span class='ocrx_word' id='word_1_62' title='bbox 741 1273 1010 1338; x_wconf 89' lang='lat' dir='ltr'>Nonius</span> <span class='ocrx_word' id='word_1_63' title='bbox 1054 1282 1328 1339; x_wconf 85' lang='lat' dir='ltr'>senator</span> <span class='ocrx_word' id='word_1_64' title='bbox 1367 1279 1486 1349; x_wconf 87' lang='lat' dir='ltr'>est,</span> <span class='ocrx_word' id='word_1_65' title='bbox 1534 1275 1709 1338; x_wconf 88' lang='lat' dir='ltr'>filius</span> <span class='ocrx_word' id='word_1_66' title='bbox 1738 1275 2028 1341; x_wconf 79' lang='lat' dir='ltr'>Strumae</span> <span class='ocrx_word' id='word_1_67' title='bbox 2064 1273 2130 1337; x_wconf 92' lang='lat' dir='ltr'>N</span> <span class='ocrx_word' id='word_1_68' title='bbox 2135 1274 2272 1337; x_wconf 89' lang='lat' dir='ltr'>onii</span> <span class='ocrx_word' id='word_1_69' title='bbox 2304 1273 2488 1356; x_wconf 82' lang='lat' dir='ltr'>ejus,-</span> 
     </span>
     <span class='ocr_line' id='line_1_10' title="bbox 260 1375 2480 1461; baseline -0.002 -19"><span class='ocrx_word' id='word_1_70' title='bbox 260 1397 470 1461; x_wconf 87' lang='lat' dir='ltr'>quem</span> <span class='ocrx_word' id='word_1_71' title='bbox 522 1375 609 1455; x_wconf 85' lang='lat' dir='ltr'>Q.</span> <span class='ocrx_word' id='word_1_72' title='bbox 641 1375 1037 1446; x_wconf 83' lang='lat' dir='ltr'>Catullus⁴¹¹</span> <span class='ocrx_word' id='word_1_73' title='bbox 1081 1376 1311 1460; x_wconf 71' lang='lat' dir='ltr'>poeta·</span> <span class='ocrx_word' id='word_1_74' title='bbox 1341 1377 1412 1440; x_wconf 93' lang='lat' dir='ltr'>in</span> <span class='ocrx_word' id='word_1_75' title='bbox 1461 1378 1634 1441; x_wconf 91' lang='lat' dir='ltr'>sella</span> <span class='ocrx_word' id='word_1_76' title='bbox 1682 1377 1899 1442; x_wconf 86' lang='lat' dir='ltr'>curuli</span> <span class='ocrx_word' id='word_1_77' title='bbox 1941 1377 2182 1440; x_wconf 79' lang='lat' dir='ltr'>visum-</span> <span class='ocrx_word' id='word_1_78' title='bbox 2211 1375 2480 1456; x_wconf 86' lang='lat' dir='ltr'>indigne</span> 
     </span>
     <span class='ocr_line' id='line_1_11' title="bbox 261 1476 2480 1567; baseline -0.001 -25"><span class='ocrx_word' id='word_1_79' title='bbox 261 1480 448 1552; x_wconf 79' lang='lat' dir='ltr'>tulit,</span> <span class='ocrx_word' id='word_1_80' title='bbox 494 1499 799 1562; x_wconf 82' lang='lat' dir='ltr'>avusque</span> <span class='ocrx_word' id='word_1_81' title='bbox 846 1479 1114 1543; x_wconf 86' lang='lat' dir='ltr'>Servilii</span> <span class='ocrx_word' id='word_1_82' title='bbox 1148 1477 1469 1556; x_wconf 87' lang='lat' dir='ltr'>Noniani,</span> <span class='ocrx_word' id='word_1_83' title='bbox 1501 1499 1701 1562; x_wconf 89' lang='lat' dir='ltr'>quem</span> <span class='ocrx_word' id='word_1_84' title='bbox 1744 1479 2078 1543; x_wconf 90' lang='lat' dir='ltr'>consulem</span> <span class='ocrx_word' id='word_1_85' title='bbox 2107 1478 2399 1543; x_wconf 87' lang='lat' dir='ltr'>vidimus</span> <span class='ocrx_word' id='word_1_86' title='bbox 2421 1476 2480 1567; x_wconf 63' lang='lat' dir='ltr'>Ji</span> 
     </span>
     <span class='ocr_line' id='line_1_12' title="bbox 256 1579 2480 1666; baseline -0.001 -21"><span class='ocrx_word' id='word_1_87' title='bbox 256 1582 381 1645; x_wconf 89' lang='lat' dir='ltr'>ille</span> <span class='ocrx_word' id='word_1_88' title='bbox 414 1583 826 1666; x_wconf 87' lang='lat' dir='ltr'>proscriptus</span> <span class='ocrx_word' id='word_1_89' title='bbox 875 1580 1137 1663; x_wconf 83' lang='lat' dir='ltr'>fugiens</span> <span class='ocrx_word' id='word_1_90' title='bbox 1183 1580 1359 1644; x_wconf 93' lang='lat' dir='ltr'>hunc</span> <span class='ocrx_word' id='word_1_91' title='bbox 1405 1600 1443 1643; x_wconf 92' lang='lat' dir='ltr'>e</span> <span class='ocrx_word' id='word_1_92' title='bbox 1487 1580 1772 1645; x_wconf 86' lang='lat' dir='ltr'>fortunis</span> <span class='ocrx_word' id='word_1_93' title='bbox 1819 1583 1963 1645; x_wconf 89' lang='lat' dir='ltr'>suis</span> <span class='ocrx_word' id='word_1_94' title='bbox 2015 1579 2327 1643; x_wconf 87' lang='lat' dir='ltr'>omnibus</span> <span class='ocrx_word' id='word_1_95' title='bbox 2359 1599 2480 1643; x_wconf 89' lang='lat' dir='ltr'>an·</span> 
     </span>
     <span class='ocr_line' id='line_1_13' title="bbox 258 1681 2474 1767; baseline -0.002 -19"><span class='ocrx_word' id='word_1_96' title='bbox 258 1685 499 1749; x_wconf 84' lang='lat' dir='ltr'>nulum</span> <span class='ocrx_word' id='word_1_97' title='bbox 533 1683 817 1748; x_wconf 87' lang='lat' dir='ltr'>abstulit</span> <span class='ocrx_word' id='word_1_98' title='bbox 847 1703 1094 1761; x_wconf 88' lang='lat' dir='ltr'>secum,</span> <span class='ocrx_word' id='word_1_99' title='bbox 1126 1702 1329 1767; x_wconf 90' lang='lat' dir='ltr'>quem</span> <span class='ocrx_word' id='word_1_100' title='bbox 1375 1689 1628 1747; x_wconf 89' lang='lat' dir='ltr'>certum</span> <span class='ocrx_word' id='word_1_101' title='bbox 1680 1689 1788 1747; x_wconf 90' lang='lat' dir='ltr'>est</span> <span class='ocrx_word' id='word_1_102' title='bbox 1836 1683 2208 1746; x_wconf 87' lang='lat' dir='ltr'>sestertium</span> <span class='ocrx_word' id='word_1_103' title='bbox 2241 1681 2474 1762; x_wconf 89' lang='lat' dir='ltr'>viginti</span> 
     </span>
     <span class='ocr_line' id='line_1_14' title="bbox 259 1784 2482 1868; baseline -0.001 -17"><span class='ocrx_word' id='word_1_104' title='bbox 259 1787 567 1852; x_wconf 88' lang='lat' dir='ltr'>millibus</span> <span class='ocrx_word' id='word_1_105' title='bbox 588 1793 612 1834; x_wconf 83' lang='lat'><em>⁵</em></span> <span class='ocrx_word' id='word_1_106' title='bbox 624 1784 645 1834; x_wconf 74' lang='lat'>,-</span> <span class='ocrx_word' id='word_1_107' title='bbox 693 1787 1122 1853; x_wconf 83' lang='lat' dir='ltr'>aestimatum.</span> <span class='ocrx_word' id='word_1_108' title='bbox 1216 1785 1356 1851; x_wconf 88' lang='lat' dir='ltr'>Sed</span> <span class='ocrx_word' id='word_1_109' title='bbox 1416 1786 1584 1850; x_wconf 87' lang='lat' dir='ltr'>mira</span> <span class='ocrx_word' id='word_1_110' title='bbox 1636 1784 1921 1852; x_wconf 83' lang='lat' dir='ltr'>Antonii</span> <span class='ocrx_word' id='word_1_111' title='bbox 1983 1785 2216 1851; x_wconf 85' lang='lat' dir='ltr'>feritas</span> <span class='ocrx_word' id='word_1_112' title='bbox 2277 1791 2482 1868; x_wconf 85' lang='lat' dir='ltr'>atque</span> 
     </span>
    </p>
   </div>
   <div class='ocr_carea' id='block_1_3' title="bbox 1194 1933 1562 1955">
    <p class='ocr_par' dir='ltr' id='par_1_3' title="bbox 1194 1933 1562 1955">
     <span class='ocr_line' id='line_1_15' title="bbox 1194 1933 1562 1955; baseline 0.005 -2"><span class='ocrx_word' id='word_1_113' title='bbox 1194 1933 1562 1955; x_wconf 62' lang='lat' dir='ltr'>OOOOOMOOOO</span> 
     </span>
    </p>
   </div>
   <div class='ocr_carea' id='block_1_4' title="bbox 257 2032 2490 2358">
    <p class='ocr_par' dir='ltr' id='par_1_4' title="bbox 257 2032 2490 2358">
     <span class='ocr_line' id='line_1_16' title="bbox 257 2032 2478 2098; baseline -0 -15"><span class='ocrx_word' id='word_1_114' title='bbox 257 2037 439 2083; x_wconf 65' lang='lat' dir='ltr'>nitores</span> <span class='ocrx_word' id='word_1_115' title='bbox 470 2048 779 2095; x_wconf 77' lang='lat' dir='ltr'>gemmarum,</span> <span class='ocrx_word' id='word_1_116' title='bbox 800 2038 883 2098; x_wconf 65' lang='lat' dir='ltr'>Asc.</span> <span class='ocrx_word' id='word_1_117' title='bbox 919 2036 983 2083; x_wconf 84' lang='lat' dir='ltr'>al.</span> <span class='ocrx_word' id='word_1_118' title='bbox 1008 2040 1236 2085; x_wconf 65' lang='lat' dir='ltr'>vem—3</span> <span class='ocrx_word' id='word_1_119' title='bbox 1273 2036 1359 2085; x_wconf 89' lang='lat' dir='ltr'>Ita</span> <span class='ocrx_word' id='word_1_120' title='bbox 1389 2034 1545 2084; x_wconf 88' lang='lat' dir='ltr'>codd.</span> <span class='ocrx_word' id='word_1_121' title='bbox 1591 2033 1851 2084; x_wconf 83' lang='lat' dir='ltr'>Harduini</span> <span class='ocrx_word' id='word_1_122' title='bbox 1886 2039 1942 2082; x_wconf 88' lang='lat' dir='ltr'>et</span> <span class='ocrx_word' id='word_1_123' title='bbox 1979 2033 2160 2082; x_wconf 85' lang='lat' dir='ltr'>Dalec.</span> <span class='ocrx_word' id='word_1_124' title='bbox 2203 2046 2319 2081; x_wconf 87' lang='lat' dir='ltr'>cum</span> <span class='ocrx_word' id='word_1_125' title='bbox 2356 2032 2478 2082; x_wconf 89' lang='lat' dir='ltr'>edd.</span> 
     </span>
     <span class='ocr_line' id='line_1_17' title="bbox 259 2098 2480 2161; baseline -0 -13"><span class='ocrx_word' id='word_1_126' title='bbox 259 2099 530 2148; x_wconf 83' lang='lat' dir='ltr'>Harduin.</span> <span class='ocrx_word' id='word_1_127' title='bbox 552 2103 599 2147; x_wconf 86' lang='lat' dir='ltr'>l.</span> <span class='ocrx_word' id='word_1_128' title='bbox 621 2103 670 2148; x_wconf 79' lang='lat'>2.</span> <span class='ocrx_word' id='word_1_129' title='bbox 693 2105 743 2148; x_wconf 76' lang='lat'>3.</span> <span class='ocrx_word' id='word_1_130' title='bbox 776 2109 832 2148; x_wconf 79' lang='lat' dir='ltr'>et</span> <span class='ocrx_word' id='word_1_131' title='bbox 860 2108 1081 2150; x_wconf 82' lang='lat' dir='ltr'>recentt.</span> <span class='ocrx_word' id='word_1_132' title='bbox 1117 2106 1397 2161; x_wconf 77' lang='lat' dir='ltr'>argumento</span> <span class='ocrx_word' id='word_1_133' title='bbox 1418 2100 1653 2149; x_wconf 81' lang='lat' dir='ltr'>Gronov.</span> <span class='ocrx_word' id='word_1_134' title='bbox 1676 2108 1732 2147; x_wconf 85' lang='lat' dir='ltr'>et</span> <span class='ocrx_word' id='word_1_135' title='bbox 1756 2100 1928 2160; x_wconf 78' lang='lat' dir='ltr'>vulgg.</span> <span class='ocrx_word' id='word_1_136' title='bbox 1994 2099 2144 2158; x_wconf 82' lang='lat' dir='ltr'>Mox,</span> <span class='ocrx_word' id='word_1_137' title='bbox 2173 2098 2318 2146; x_wconf 60' lang='lat' dir='ltr'>colori</span> <span class='ocrx_word' id='word_1_138' title='bbox 2347 2113 2398 2159; x_wconf 83' lang='grc' dir='ltr'>ρ.</span> <span class='ocrx_word' id='word_1_139' title='bbox 2421 2114 2480 2147; x_wconf 86' lang='lat' dir='ltr'>oe.</span> 
     </span>
     <span class='ocr_line' id='line_1_18' title="bbox 257 2161 2480 2229; baseline -0.001 -17"><span class='ocrx_word' id='word_1_140' title='bbox 257 2167 355 2217; x_wconf 74' lang='lat' dir='ltr'>alii</span> <span class='ocrx_word' id='word_1_141' title='bbox 376 2180 420 2212; x_wconf 85' lang='lat' dir='ltr'>s.</span> <span class='ocrx_word' id='word_1_142' title='bbox 438 2165 627 2213; x_wconf 76' lang='lat' dir='ltr'>ardenti</span> <span class='ocrx_word' id='word_1_143' title='bbox 647 2164 864 2228; x_wconf 80' lang='lat' dir='ltr'>flammoe</span> <span class='ocrx_word' id='word_1_144' title='bbox 885 2165 1008 2214; x_wconf 86' lang='lat' dir='ltr'>Vet.</span> <span class='ocrx_word' id='word_1_145' title='bbox 1031 2166 1217 2214; x_wconf 85' lang='lat' dir='ltr'>Dalec.</span> <span class='ocrx_word' id='word_1_146' title='bbox 1252 2180 1437 2229; x_wconf 72' lang='lat' dir='ltr'>(equare</span> <span class='ocrx_word' id='word_1_147' title='bbox 1460 2166 1658 2214; x_wconf 71' lang='lat' dir='ltr'>trudunt</span> <span class='ocrx_word' id='word_1_148' title='bbox 1683 2166 1769 2212; x_wconf 82' lang='lat' dir='ltr'>aiii</span> <span class='ocrx_word' id='word_1_149' title='bbox 1795 2168 2027 2213; x_wconf 55' lang='lat' dir='ltr'>veta—4</span> <span class='ocrx_word' id='word_1_150' title='bbox 2056 2163 2142 2212; x_wconf 88' lang='lat' dir='ltr'>Ita</span> <span class='ocrx_word' id='word_1_151' title='bbox 2163 2161 2317 2211; x_wconf 82' lang='lat' dir='ltr'>codd.</span> <span class='ocrx_word' id='word_1_152' title='bbox 2341 2162 2480 2210; x_wconf 84' lang='lat' dir='ltr'>Har-</span> 
     </span>
     <span class='ocr_line' id='line_1_19' title="bbox 259 2226 2490 2291; baseline -0.001 -15"><span class='ocrx_word' id='word_1_153' title='bbox 259 2230 417 2277; x_wconf 83' lang='lat' dir='ltr'>duini</span> <span class='ocrx_word' id='word_1_154' title='bbox 454 2237 512 2278; x_wconf 90' lang='lat' dir='ltr'>et</span> <span class='ocrx_word' id='word_1_155' title='bbox 536 2231 731 2277; x_wconf 89' lang='lat' dir='ltr'>Fuxen.</span> <span class='ocrx_word' id='word_1_156' title='bbox 769 2244 885 2279; x_wconf 88' lang='lat' dir='ltr'>cum</span> <span class='ocrx_word' id='word_1_157' title='bbox 924 2229 1044 2278; x_wconf 78' lang='lat' dir='ltr'>edd.</span> <span class='ocrx_word' id='word_1_158' title='bbox 1081 2230 1336 2279; x_wconf 82' lang='lat' dir='ltr'>Harduin.</span> <span class='ocrx_word' id='word_1_159' title='bbox 1362 2234 1478 2278; x_wconf 86' lang='grc'><strong>1.2.</strong></span> <span class='ocrx_word' id='word_1_160' title='bbox 1505 2234 1553 2277; x_wconf 80' lang='lat'>3.</span> <span class='ocrx_word' id='word_1_161' title='bbox 1575 2237 1628 2278; x_wconf 92' lang='lat' dir='ltr'>et</span> <span class='ocrx_word' id='word_1_162' title='bbox 1671 2235 1893 2277; x_wconf 84' lang='lat' dir='ltr'>recentt.</span> <span class='ocrx_word' id='word_1_163' title='bbox 1941 2242 2077 2290; x_wconf 77' lang='lat' dir='ltr'>quem</span> <span class='ocrx_word' id='word_1_164' title='bbox 2102 2227 2321 2277; x_wconf 65' lang='lat' dir='ltr'>Catullus</span> <span class='ocrx_word' id='word_1_165' title='bbox 2358 2226 2490 2291; x_wconf 34' lang='lat' dir='ltr'>edd..</span> 
     </span>
     <span class='ocr_line' id='line_1_20' title="bbox 258 2291 2480 2358; baseline -0.001 -15"><span class='ocrx_word' id='word_1_166' title='bbox 258 2301 403 2346; x_wconf 75' lang='lat' dir='ltr'>vett.</span> <span class='ocrx_word' id='word_1_167' title='bbox 435 2303 494 2344; x_wconf 88' lang='lat' dir='ltr'>et</span> <span class='ocrx_word' id='word_1_168' title='bbox 530 2294 860 2345; x_wconf 52' lang='lat' dir='ltr'>Groneia—5</span> <span class='ocrx_word' id='word_1_169' title='bbox 895 2294 910 2321; x_wconf 91' lang='lat'>‘</span> <span class='ocrx_word' id='word_1_170' title='bbox 939 2295 1001 2344; x_wconf 79' lang='lat' dir='ltr'>In</span> <span class='ocrx_word' id='word_1_171' title='bbox 1041 2295 1172 2345; x_wconf 86' lang='lat' dir='ltr'>Mss.</span> <span class='ocrx_word' id='word_1_172' title='bbox 1198 2292 1401 2358; x_wconf 77' lang='lat' dir='ltr'>Reg.2.</span> <span class='ocrx_word' id='word_1_173' title='bbox 1423 2298 1473 2344; x_wconf 80' lang='lat'>3.</span> <span class='ocrx_word' id='word_1_174' title='bbox 1497 2300 1547 2344; x_wconf 82' lang='lat'>5.</span> <span class='ocrx_word' id='word_1_175' title='bbox 1570 2299 1620 2343; x_wconf 85' lang='grc'>6.</span> <span class='ocrx_word' id='word_1_176' title='bbox 1656 2294 1786 2344; x_wconf 86' lang='grc' dir='ltr'>ΧΧ.</span> <span class='ocrx_word' id='word_1_177' title='bbox 1838 2292 1966 2342; x_wconf 71' lang='lat' dir='ltr'>mille</span> <span class='ocrx_word' id='word_1_178' title='bbox 2000 2306 2255 2343; x_wconf 72' lang='lat' dir='ltr'>nummum.</span> <span class='ocrx_word' id='word_1_179' title='bbox 2323 2291 2480 2344; x_wconf 81' lang='lat' dir='ltr'>Quod</span> 
     </span>
    </p>
   </div>
   <div class='ocr_carea' id='block_1_5' title="bbox 1275 2393 1577 2475">
    <p class='ocr_par' dir='ltr' id='par_1_5' title="bbox 1275 2393 1577 2475">
     <span class='ocr_line' id='line_1_21' title="bbox 1275 2393 1577 2475; baseline -0.01 0"><span class='ocrx_word' id='word_1_180' title='bbox 1275 2423 1486 2475; x_wconf 74' lang='lat' dir='ltr'>No&#39;rAE</span> <span class='ocrx_word' id='word_1_181' title='bbox 1571 2393 1577 2401; x_wconf 76' lang='grc'>’</span> 
     </span>
    </p>
   </div>
   <div class='ocr_carea' id='block_1_6' title="bbox 237 2521 2481 3427">
    <p class='ocr_par' dir='ltr' id='par_1_6' title="bbox 237 2521 2481 3427">
     <span class='ocr_line' id='line_1_22' title="bbox 331 2521 2044 2585; baseline 0 -14"><span class='ocrx_word' id='word_1_182' title='bbox 331 2530 355 2556; x_wconf 73' lang='lat'><strong>⁶</strong></span> <span class='ocrx_word' id='word_1_183' title='bbox 394 2523 487 2571; x_wconf 78' lang='lat' dir='ltr'>Est</span> <span class='ocrx_word' id='word_1_184' title='bbox 503 2522 696 2571; x_wconf 76' lang='lat' dir='ltr'>enimin</span> <span class='ocrx_word' id='word_1_185' title='bbox 715 2521 803 2585; x_wconf 79' lang='lat' dir='ltr'>iis]</span> <span class='ocrx_word' id='word_1_186' title='bbox 827 2522 958 2572; x_wconf 82' lang='lat' dir='ltr'>Haec</span> <span class='ocrx_word' id='word_1_187' title='bbox 979 2523 1199 2573; x_wconf 88' lang='lat' dir='ltr'>totidem</span> <span class='ocrx_word' id='word_1_188' title='bbox 1222 2536 1334 2572; x_wconf 83' lang='lat' dir='ltr'>ver·</span> <span class='ocrx_word' id='word_1_189' title='bbox 1590 2522 1793 2571; x_wconf 89' lang='lat' dir='ltr'>Nonius</span> <span class='ocrx_word' id='word_1_190' title='bbox 1814 2522 2044 2585; x_wconf 84' lang='lat' dir='ltr'>Struma,</span> 
     </span>
     <span class='ocr_line' id='line_1_23' title="bbox 259 2599 1854 2663; baseline -0.001 -12"><span class='ocrx_word' id='word_1_191' title='bbox 259 2599 344 2651; x_wconf 89' lang='lat' dir='ltr'>bis</span> <span class='ocrx_word' id='word_1_192' title='bbox 368 2599 606 2649; x_wconf 77' lang='lat' dir='ltr'>Isidorus</span> <span class='ocrx_word' id='word_1_193' title='bbox 629 2601 730 2649; x_wconf 83' lang='lat' dir='ltr'>loc.</span> <span class='ocrx_word' id='word_1_194' title='bbox 753 2600 845 2649; x_wconf 90' lang='lat' dir='ltr'>cit.</span> <span class='ocrx_word' id='word_1_195' title='bbox 1843 2600 1854 2663; x_wconf 79' lang='grc' dir='ltr'>Ι</span> 
     </span>
     <span class='ocr_line' id='line_1_24' title="bbox 268 2675 2126 2739; baseline -0.001 -14"><span class='ocrx_word' id='word_1_196' title='bbox 268 2683 287 2706; x_wconf 61' lang='lat'><strong><em>³</em></strong></span> <span class='ocrx_word' id='word_1_197' title='bbox 329 2675 350 2709; x_wconf 73' lang='lat' dir='ltr'>f</span> <span class='ocrx_word' id='word_1_198' title='bbox 386 2677 561 2725; x_wconf 74' lang='lat' dir='ltr'>Vir-ens</span> <span class='ocrx_word' id='word_1_199' title='bbox 580 2675 732 2739; x_wconf 75' lang='lat' dir='ltr'>mure]</span> <span class='ocrx_word' id='word_1_200' title='bbox 758 2675 1009 2738; x_wconf 74' lang='lat' dir='ltr'>Isidorus,</span> <span class='ocrx_word' id='word_1_201' title='bbox 1031 2676 1048 2703; x_wconf 90' lang='lat'>‘</span> <span class='ocrx_word' id='word_1_202' title='bbox 1065 2675 1237 2725; x_wconf 86' lang='lat' dir='ltr'>nitens</span> <span class='ocrx_word' id='word_1_203' title='bbox 1263 2676 1337 2722; x_wconf 88' lang='lat' dir='ltr'>vi·</span> <span class='ocrx_word' id='word_1_204' title='bbox 1594 2675 1644 2724; x_wconf 87' lang='lat' dir='ltr'>N</span> <span class='ocrx_word' id='word_1_205' title='bbox 1650 2675 1796 2724; x_wconf 81' lang='lat' dir='ltr'>onius</span> <span class='ocrx_word' id='word_1_206' title='bbox 1819 2676 2064 2739; x_wconf 76' lang='lat' dir='ltr'>Senator,</span> <span class='ocrx_word' id='word_1_207' title='bbox 2107 2678 2126 2699; x_wconf 84' lang='lat'>&#39;·</span> 
     </span>
     <span class='ocr_line' id='line_1_25' title="bbox 265 2750 1855 2815; baseline 0 -15"><span class='ocrx_word' id='word_1_208' title='bbox 265 2750 496 2801; x_wconf 80' lang='lat' dir='ltr'>riditas.&#39;</span> <span class='ocrx_word' id='word_1_209' title='bbox 1844 2753 1855 2815; x_wconf 84' lang='grc' dir='ltr'>Ι</span> 
     </span>
     <span class='ocr_line' id='line_1_26' title="bbox 237 2826 2349 2895; baseline 0 -20"><span class='ocrx_word' id='word_1_210' title='bbox 237 2874 247 2889; x_wconf 76' lang='lat'>‚</span> <span class='ocrx_word' id='word_1_211' title='bbox 329 2836 356 2871; x_wconf 74' lang='grc' dir='ltr'><strong><em>ε</em></strong></span> <span class='ocrx_word' id='word_1_212' title='bbox 392 2826 473 2876; x_wconf 78' lang='lat' dir='ltr'>Ab</span> <span class='ocrx_word' id='word_1_213' title='bbox 495 2827 730 2891; x_wconf 76' lang='lat' dir='ltr'>Antonio]</span> <span class='ocrx_word' id='word_1_214' title='bbox 763 2829 1070 2890; x_wconf 82' lang='lat' dir='ltr'>Triumviro,</span> <span class='ocrx_word' id='word_1_215' title='bbox 1104 2844 1134 2878; x_wconf 86' lang='lat' dir='ltr'>a</span> <span class='ocrx_word' id='word_1_216' title='bbox 1157 2843 1258 2895; x_wconf 89' lang='lat' dir='ltr'>quo</span> <span class='ocrx_word' id='word_1_217' title='bbox 1280 2835 1336 2878; x_wconf 89' lang='lat' dir='ltr'>et</span> <span class='ocrx_word' id='word_1_218' title='bbox 1431 2841 1441 2847; x_wconf 76' lang='lat'><strong>·</strong></span> <span class='ocrx_word' id='word_1_219' title='bbox 1594 2828 1786 2886; x_wconf 82' lang='lat' dir='ltr'>Nouia,</span> <span class='ocrx_word' id='word_1_220' title='bbox 1811 2829 1999 2892; x_wconf 81' lang='lat' dir='ltr'>conjux</span> <span class='ocrx_word' id='word_1_221' title='bbox 2014 2827 2243 2888; x_wconf 79' lang='lat' dir='ltr'>Servilii,</span> <span class='ocrx_word' id='word_1_222' title='bbox 2262 2827 2349 2892; x_wconf 89' lang='lat' dir='ltr'>qui</span> 
     </span>
     <span class='ocr_line' id='line_1_27' title="bbox 261 2904 2351 2969; baseline 0 -16"><span class='ocrx_word' id='word_1_223' title='bbox 261 2904 594 2969; x_wconf 86' lang='lat' dir='ltr'>proscriptus</span> <span class='ocrx_word' id='word_1_224' title='bbox 618 2905 822 2954; x_wconf 85' lang='lat' dir='ltr'>Cicero.</span> <span class='ocrx_word' id='word_1_225' title='bbox 864 2918 869 2927; x_wconf 81' lang='grc'>’</span> <span class='ocrx_word' id='word_1_226' title='bbox 1660 2906 1929 2955; x_wconf 81' lang='lat' dir='ltr'>Nonianus</span> <span class='ocrx_word' id='word_1_227' title='bbox 1947 2920 2011 2953; x_wconf 83' lang='lat' dir='ltr'>ex</span> <span class='ocrx_word' id='word_1_228' title='bbox 2029 2919 2090 2954; x_wconf 90' lang='lat' dir='ltr'>eo</span> <span class='ocrx_word' id='word_1_229' title='bbox 2113 2905 2351 2967; x_wconf 79' lang='lat' dir='ltr'>conjugio</span> 
     </span>
     <span class='ocr_line' id='line_1_28' title="bbox 277 2979 2070 3044; baseline 0.001 -17"><span class='ocrx_word' id='word_1_230' title='bbox 277 2998 283 3003; x_wconf 90' lang='lat'><strong>·</strong></span> <span class='ocrx_word' id='word_1_231' title='bbox 329 2979 356 3012; x_wconf 80' lang='lat'>¹¹</span> <span class='ocrx_word' id='word_1_232' title='bbox 396 2979 551 3036; x_wconf 74' lang='lat' dir='ltr'>Quem</span> <span class='ocrx_word' id='word_1_233' title='bbox 585 2981 650 3034; x_wconf 84' lang='lat' dir='ltr'>Q.</span> <span class='ocrx_word' id='word_1_234' title='bbox 690 2980 930 3043; x_wconf 74' lang='lat' dir='ltr'>Catullus]</span> <span class='ocrx_word' id='word_1_235' title='bbox 965 2981 1083 3031; x_wconf 90' lang='lat' dir='ltr'>Hoc</span> <span class='ocrx_word' id='word_1_236' title='bbox 1117 2983 1166 3031; x_wconf 88' lang='lat' dir='ltr'>ei</span> <span class='ocrx_word' id='word_1_237' title='bbox 1204 2997 1337 3044; x_wconf 84' lang='lat' dir='ltr'>prae·</span> <span class='ocrx_word' id='word_1_238' title='bbox 1659 2983 1953 3033; x_wconf 86' lang='lat' dir='ltr'>nominatus</span> <span class='ocrx_word' id='word_1_239' title='bbox 1975 2987 2070 3030; x_wconf 90' lang='lat' dir='ltr'>est.</span> 
     </span>
     <span class='ocr_line' id='line_1_29' title="bbox 261 3054 1853 3123; baseline 0.002 -18"><span class='ocrx_word' id='word_1_240' title='bbox 261 3069 457 3105; x_wconf 85' lang='lat' dir='ltr'>nomen</span> <span class='ocrx_word' id='word_1_241' title='bbox 503 3054 622 3103; x_wconf 83' lang='lat' dir='ltr'>libri</span> <span class='ocrx_word' id='word_1_242' title='bbox 666 3069 845 3104; x_wconf 87' lang='lat' dir='ltr'>omues</span> <span class='ocrx_word' id='word_1_243' title='bbox 887 3057 1019 3107; x_wconf 85' lang='lat' dir='ltr'>Mss.</span> <span class='ocrx_word' id='word_1_244' title='bbox 1066 3066 1333 3106; x_wconf 85' lang='lat' dir='ltr'>asserunt:</span> <span class='ocrx_word' id='word_1_245' title='bbox 1844 3060 1853 3123; x_wconf 88' lang='grc' dir='ltr'>Ι</span> 
     </span>
     <span class='ocr_line' id='line_1_30' title="bbox 262 3131 2355 3197; baseline -0 -16"><span class='ocrx_word' id='word_1_246' title='bbox 262 3133 384 3197; x_wconf 71' lang='lat' dir='ltr'>typi</span> <span class='ocrx_word' id='word_1_247' title='bbox 404 3134 750 3182; x_wconf 72' lang='lat' dir='ltr'>sustulerunt.</span> <span class='ocrx_word' id='word_1_248' title='bbox 803 3134 994 3182; x_wconf 83' lang='lat' dir='ltr'>Catulli</span> <span class='ocrx_word' id='word_1_249' title='bbox 1016 3149 1196 3183; x_wconf 80' lang='lat' dir='ltr'>versus</span> <span class='ocrx_word' id='word_1_250' title='bbox 1215 3141 1337 3182; x_wconf 85' lang='lat' dir='ltr'>sunt</span> <span class='ocrx_word' id='word_1_251' title='bbox 1591 3136 1840 3187; x_wconf 77' lang='lat' dir='ltr'>Servilius</span> <span class='ocrx_word' id='word_1_252' title='bbox 1871 3133 2157 3189; x_wconf 79' lang='lat' dir='ltr'>Nonianus,</span> <span class='ocrx_word' id='word_1_253' title='bbox 2198 3131 2355 3183; x_wconf 90' lang='lat' dir='ltr'>Nonii</span> 
     </span>
     <span class='ocr_line' id='line_1_31' title="bbox 263 3208 2132 3273; baseline 0 -15"><span class='ocrx_word' id='word_1_254' title='bbox 263 3209 379 3271; x_wconf 87' lang='lat' dir='ltr'>isti,</span> <span class='ocrx_word' id='word_1_255' title='bbox 416 3209 590 3258; x_wconf 80' lang='lat' dir='ltr'>Carm-</span> <span class='ocrx_word' id='word_1_256' title='bbox 628 3221 723 3257; x_wconf 75' lang='lat' dir='ltr'>nu.</span> <span class='ocrx_word' id='word_1_257' title='bbox 757 3208 773 3235; x_wconf 91' lang='lat'>‘</span> <span class='ocrx_word' id='word_1_258' title='bbox 799 3209 938 3260; x_wconf 81' lang='lat' dir='ltr'>Quid</span> <span class='ocrx_word' id='word_1_259' title='bbox 975 3217 1074 3273; x_wconf 86' lang='lat' dir='ltr'>est,</span> <span class='ocrx_word' id='word_1_260' title='bbox 1111 3211 1336 3272; x_wconf 78' lang='lat' dir='ltr'>Catuile,</span> <span class='ocrx_word' id='word_1_261' title='bbox 1661 3211 1929 3261; x_wconf 81' lang='lat' dir='ltr'>senatoris</span> <span class='ocrx_word' id='word_1_262' title='bbox 1954 3223 2132 3271; x_wconf 88' lang='lat' dir='ltr'>nepos.</span> 
     </span>
     <span class='ocr_line' id='line_1_32' title="bbox 269 3282 2479 3349; baseline 0 -17"><span class='ocrx_word' id='word_1_263' title='bbox 269 3283 397 3348; x_wconf 82' lang='lat' dir='ltr'>quid</span> <span class='ocrx_word' id='word_1_264' title='bbox 433 3284 649 3333; x_wconf 85' lang='lat' dir='ltr'>moraris</span> <span class='ocrx_word' id='word_1_265' title='bbox 672 3285 835 3334; x_wconf 86' lang='lat' dir='ltr'>emori</span> <span class='ocrx_word' id='word_1_266' title='bbox 856 3286 874 3333; x_wconf 84' lang='lat'><strong>?</strong></span> <span class='ocrx_word' id='word_1_267' title='bbox 912 3285 1055 3336; x_wconf 84' lang='lat' dir='ltr'>Sella</span> <span class='ocrx_word' id='word_1_268' title='bbox 1093 3289 1144 3336; x_wconf 90' lang='lat' dir='ltr'>in</span> <span class='ocrx_word' id='word_1_269' title='bbox 1169 3285 1339 3336; x_wconf 82' lang='lat' dir='ltr'>curuli</span> <span class='ocrx_word' id='word_1_270' title='bbox 1414 3289 1534 3337; x_wconf 85' lang='lat' dir='ltr'>Fuit</span> <span class='ocrx_word' id='word_1_271' title='bbox 1557 3303 1620 3336; x_wconf 86' lang='lat' dir='ltr'>ex</span> <span class='ocrx_word' id='word_1_272' title='bbox 1643 3287 1738 3336; x_wconf 86' lang='lat' dir='ltr'>hac</span> <span class='ocrx_word' id='word_1_273' title='bbox 1755 3294 1910 3349; x_wconf 81' lang='lat' dir='ltr'>gente</span> <span class='ocrx_word' id='word_1_274' title='bbox 1931 3283 2106 3335; x_wconf 87' lang='lat' dir='ltr'>Nouia</span> <span class='ocrx_word' id='word_1_275' title='bbox 2120 3283 2240 3333; x_wconf 84' lang='lat' dir='ltr'>Sex.</span> <span class='ocrx_word' id='word_1_276' title='bbox 2259 3282 2479 3345; x_wconf 86' lang='lat' dir='ltr'>Nouius,</span> 
     </span>
     <span class='ocr_line' id='line_1_33' title="bbox 263 3358 2481 3427; baseline -0.001 -16"><span class='ocrx_word' id='word_1_277' title='bbox 263 3362 486 3411; x_wconf 88' lang='lat' dir='ltr'>Struma</span> <span class='ocrx_word' id='word_1_278' title='bbox 509 3362 552 3409; x_wconf 86' lang='lat' dir='ltr'>N</span> <span class='ocrx_word' id='word_1_279' title='bbox 560 3362 708 3409; x_wconf 86' lang='lat' dir='ltr'>onius</span> <span class='ocrx_word' id='word_1_280' title='bbox 733 3360 920 3411; x_wconf 63' lang='lat' dir='ltr'>sedet)</span> <span class='ocrx_word' id='word_1_281' title='bbox 1415 3366 1561 3427; x_wconf 87' lang='lat' dir='ltr'>cujus</span> <span class='ocrx_word' id='word_1_282' title='bbox 1596 3370 1676 3414; x_wconf 83' lang='lat' dir='ltr'>est</span> <span class='ocrx_word' id='word_1_283' title='bbox 1699 3364 1749 3411; x_wconf 91' lang='lat' dir='ltr'>in</span> <span class='ocrx_word' id='word_1_284' title='bbox 1772 3364 2033 3411; x_wconf 83' lang='lat' dir='ltr'>Thesauro</span> <span class='ocrx_word' id='word_1_285' title='bbox 2058 3358 2239 3422; x_wconf 83' lang='lat' dir='ltr'>Regio,</span> <span class='ocrx_word' id='word_1_286' title='bbox 2264 3368 2318 3409; x_wconf 90' lang='lat' dir='ltr'>et</span> <span class='ocrx_word' id='word_1_287' title='bbox 2342 3360 2481 3424; x_wconf 88' lang='lat' dir='ltr'>apud</span> 
     </span>
    </p>
   </div>
   <div class='ocr_carea' id='block_1_7' title="bbox 2975 121 2978 717">
    <p class='ocr_par' dir='ltr' id='par_1_7' title="bbox 2975 121 2978 717">
     <span class='ocr_line' id='line_1_34' title="bbox 2975 121 2978 717; baseline 0 0"><span class='ocrx_word' id='word_1_288' title='bbox 2975 121 2978 717; x_wconf 95' lang='lat' dir='ltr'> </span> 
     </span>
    </p>
   </div>
   <div class='ocr_carea' id='block_1_8' title="bbox 265 3436 1343 4341">
    <p class='ocr_par' dir='ltr' id='par_1_8' title="bbox 265 3436 1343 4341">
     <span class='ocr_line' id='line_1_35' title="bbox 280 3436 1337 3503; baseline 0.004 -19"><span class='ocrx_word' id='word_1_289' title='bbox 280 3464 285 3469; x_wconf 94' lang='lat'><em>-</em></span> <span class='ocrx_word' id='word_1_290' title='bbox 331 3437 348 3470; x_wconf 82' lang='lat'>¹</span> <span class='ocrx_word' id='word_1_291' title='bbox 384 3437 539 3493; x_wconf 77' lang='lat' dir='ltr'>Quem</span> <span class='ocrx_word' id='word_1_292' title='bbox 578 3439 829 3486; x_wconf 80' lang='lat' dir='ltr'>Consulem</span> <span class='ocrx_word' id='word_1_293' title='bbox 865 3436 1092 3500; x_wconf 78' lang='lat' dir='ltr'>vidimus]</span> <span class='ocrx_word' id='word_1_294' title='bbox 1148 3439 1337 3503; x_wconf 86' lang='lat' dir='ltr'>Supre-</span> 
     </span>
     <span class='ocr_line' id='line_1_36' title="bbox 266 3513 1337 3581; baseline 0.003 -17"><span class='ocrx_word' id='word_1_295' title='bbox 266 3515 366 3564; x_wconf 86' lang='lat' dir='ltr'>mis</span> <span class='ocrx_word' id='word_1_296' title='bbox 392 3513 506 3562; x_wconf 79' lang='lat' dir='ltr'>fere</span> <span class='ocrx_word' id='word_1_297' title='bbox 544 3513 739 3563; x_wconf 85' lang='lat' dir='ltr'>Tiberii</span> <span class='ocrx_word' id='word_1_298' title='bbox 776 3515 1115 3581; x_wconf 80' lang='lat' dir='ltr'>temporibus,</span> <span class='ocrx_word' id='word_1_299' title='bbox 1136 3517 1337 3567; x_wconf 85' lang='lat' dir='ltr'>cumC.</span> 
     </span>
     <span class='ocr_line' id='line_1_37' title="bbox 267 3590 1338 3646; baseline 0 -6"><span class='ocrx_word' id='word_1_300' title='bbox 267 3591 454 3640; x_wconf 85' lang='lat' dir='ltr'>Cestio</span> <span class='ocrx_word' id='word_1_301' title='bbox 475 3590 648 3646; x_wconf 83' lang='lat' dir='ltr'>Gallo,</span> <span class='ocrx_word' id='word_1_302' title='bbox 673 3591 749 3639; x_wconf 87' lang='lat' dir='ltr'>M.</span> <span class='ocrx_word' id='word_1_303' title='bbox 772 3590 1023 3640; x_wconf 83' lang='lat' dir='ltr'>Servilius</span> <span class='ocrx_word' id='word_1_304' title='bbox 1048 3591 1123 3639; x_wconf 89' lang='lat' dir='ltr'>M.</span> <span class='ocrx_word' id='word_1_305' title='bbox 1149 3591 1207 3640; x_wconf 87' lang='lat' dir='ltr'>F.</span> <span class='ocrx_word' id='word_1_306' title='bbox 1233 3592 1338 3640; x_wconf 87' lang='lat' dir='ltr'>Ru-</span> 
     </span>
     <span class='ocr_line' id='line_1_38' title="bbox 265 3665 1339 3729; baseline 0.001 -14"><span class='ocrx_word' id='word_1_307' title='bbox 265 3665 348 3715; x_wconf 84' lang='lat' dir='ltr'>fus</span> <span class='ocrx_word' id='word_1_308' title='bbox 376 3665 649 3715; x_wconf 81' lang='lat' dir='ltr'>Nonianus</span> <span class='ocrx_word' id='word_1_309' title='bbox 680 3667 841 3729; x_wconf 81' lang='lat' dir='ltr'>gessit</span> <span class='ocrx_word' id='word_1_310' title='bbox 874 3667 1228 3729; x_wconf 76' lang='lat' dir='ltr'>Consulatum,</span> <span class='ocrx_word' id='word_1_311' title='bbox 1250 3682 1339 3716; x_wconf 87' lang='lat' dir='ltr'>an-</span> 
     </span>
     <span class='ocr_line' id='line_1_39' title="bbox 265 3742 1340 3792; baseline 0.001 -1"><span class='ocrx_word' id='word_1_312' title='bbox 265 3757 336 3792; x_wconf 91' lang='lat' dir='ltr'>no</span> <span class='ocrx_word' id='word_1_313' title='bbox 373 3742 537 3790; x_wconf 86' lang='lat' dir='ltr'>Urbis</span> <span class='ocrx_word' id='word_1_314' title='bbox 577 3754 946 3791; x_wconf 75' lang='lat' dir='ltr'>nccnxxxvu.</span> <span class='ocrx_word' id='word_1_315' title='bbox 983 3756 1047 3790; x_wconf 89' lang='lat' dir='ltr'>ex</span> <span class='ocrx_word' id='word_1_316' title='bbox 1081 3742 1340 3792; x_wconf 83' lang='lat' dir='ltr'>Fastis.—</span> 
     </span>
     <span class='ocr_line' id='line_1_40' title="bbox 271 3817 1340 3881; baseline 0 -14"><span class='ocrx_word' id='word_1_317' title='bbox 271 3820 289 3847; x_wconf 88' lang='lat'><em>‘</em></span> <span class='ocrx_word' id='word_1_318' title='bbox 316 3819 425 3868; x_wconf 89' lang='lat' dir='ltr'>Hic</span> <span class='ocrx_word' id='word_1_319' title='bbox 468 3817 827 3868; x_wconf 84' lang='lat' dir='ltr'>animadverte</span> <span class='ocrx_word' id='word_1_320' title='bbox 874 3833 940 3867; x_wconf 89' lang='lat' dir='ltr'>ex</span> <span class='ocrx_word' id='word_1_321' title='bbox 985 3818 1340 3881; x_wconf 81' lang='lat' dir='ltr'>descriptione</span> 
     </span>
     <span class='ocr_line' id='line_1_41' title="bbox 270 3892 1342 3959; baseline -0.001 -15"><span class='ocrx_word' id='word_1_322' title='bbox 270 3896 484 3959; x_wconf 83' lang='lat' dir='ltr'>generis</span> <span class='ocrx_word' id='word_1_323' title='bbox 521 3894 730 3944; x_wconf 81' lang='lat' dir='ltr'>Servilii</span> <span class='ocrx_word' id='word_1_324' title='bbox 761 3894 1007 3956; x_wconf 86' lang='lat' dir='ltr'>Noniani,</span> <span class='ocrx_word' id='word_1_325' title='bbox 1027 3896 1160 3944; x_wconf 85' lang='lat' dir='ltr'>hauc</span> <span class='ocrx_word' id='word_1_326' title='bbox 1182 3892 1342 3943; x_wconf 85' lang='lat' dir='ltr'>fuisse</span> 
     </span>
     <span class='ocr_line' id='line_1_42' title="bbox 269 3965 1341 4034; baseline -0.003 -13"><span class='ocrx_word' id='word_1_327' title='bbox 269 3965 533 4021; x_wconf 77' lang='lat' dir='ltr'>rationem</span> <span class='ocrx_word' id='word_1_328' title='bbox 570 3971 932 4034; x_wconf 82' lang='lat' dir='ltr'>cognominum</span> <span class='ocrx_word' id='word_1_329' title='bbox 975 3970 1116 4034; x_wconf 85' lang='lat' dir='ltr'>apud</span> <span class='ocrx_word' id='word_1_330' title='bbox 1152 3971 1341 4020; x_wconf 86' lang='lat' dir='ltr'>Roma·</span> 
     </span>
     <span class='ocr_line' id='line_1_43' title="bbox 270 4046 1342 4112; baseline -0.001 -15"><span class='ocrx_word' id='word_1_331' title='bbox 270 4062 386 4103; x_wconf 89' lang='lat' dir='ltr'>nos,</span> <span class='ocrx_word' id='word_1_332' title='bbox 420 4055 479 4096; x_wconf 92' lang='lat' dir='ltr'>ut</span> <span class='ocrx_word' id='word_1_333' title='bbox 502 4046 794 4096; x_wconf 81' lang='lat' dir='ltr'>desinentia</span> <span class='ocrx_word' id='word_1_334' title='bbox 819 4047 871 4095; x_wconf 87' lang='lat' dir='ltr'>in</span> <span class='ocrx_word' id='word_1_335' title='bbox 907 4047 1047 4096; x_wconf 77' lang='lat' dir='ltr'>ianus</span> <span class='ocrx_word' id='word_1_336' title='bbox 1067 4049 1342 4112; x_wconf 80' lang='lat' dir='ltr'>conjugem</span> 
     </span>
     <span class='ocr_line' id='line_1_44' title="bbox 269 4124 1343 4187; baseline 0.001 -14"><span class='ocrx_word' id='word_1_337' title='bbox 269 4127 358 4174; x_wconf 83' lang='lat' dir='ltr'>vei</span> <span class='ocrx_word' id='word_1_338' title='bbox 392 4131 614 4173; x_wconf 86' lang='lat' dir='ltr'>matrem</span> <span class='ocrx_word' id='word_1_339' title='bbox 651 4124 1022 4187; x_wconf 81' lang='lat' dir='ltr'>significarent.</span> <span class='ocrx_word' id='word_1_340' title='bbox 1088 4126 1175 4174; x_wconf 88' lang='lat' dir='ltr'>Sic</span> <span class='ocrx_word' id='word_1_341' title='bbox 1209 4126 1343 4174; x_wconf 89' lang='lat' dir='ltr'>enim</span> 
     </span>
     <span class='ocr_line' id='line_1_45' title="bbox 271 4200 1343 4261; baseline -0.004 -9"><span class='ocrx_word' id='word_1_342' title='bbox 271 4202 480 4252; x_wconf 86' lang='lat' dir='ltr'>Nouius</span> <span class='ocrx_word' id='word_1_343' title='bbox 521 4202 760 4261; x_wconf 87' lang='lat' dir='ltr'>Senator,</span> <span class='ocrx_word' id='word_1_344' title='bbox 783 4214 907 4249; x_wconf 87' lang='lat' dir='ltr'>avus</span> <span class='ocrx_word' id='word_1_345' title='bbox 947 4200 1152 4249; x_wconf 84' lang='lat' dir='ltr'>Servilii</span> <span class='ocrx_word' id='word_1_346' title='bbox 1179 4200 1343 4251; x_wconf 89' lang='lat' dir='ltr'>Noni·</span> 
     </span>
     <span class='ocr_line' id='line_1_46' title="bbox 274 4277 1147 4341; baseline 0.001 -13"><span class='ocrx_word' id='word_1_347' title='bbox 274 4281 359 4329; x_wconf 84' lang='lat' dir='ltr'>ani</span> <span class='ocrx_word' id='word_1_348' title='bbox 382 4278 503 4328; x_wconf 78' lang='lat' dir='ltr'>fuit.</span> <span class='ocrx_word' id='word_1_349' title='bbox 562 4279 640 4325; x_wconf 91' lang='lat' dir='ltr'>En</span> <span class='ocrx_word' id='word_1_350' title='bbox 663 4277 886 4327; x_wconf 83' lang='lat' dir='ltr'>Schema</span> <span class='ocrx_word' id='word_1_351' title='bbox 909 4279 1112 4341; x_wconf 82' lang='lat' dir='ltr'>generis</span> <span class='ocrx_word' id='word_1_352' title='bbox 1136 4295 1147 4329; x_wconf 93' lang='lat'><strong>:</strong></span> 
     </span>
    </p>
   </div>
   <div class='ocr_carea' id='block_1_9' title="bbox 415 4359 964 4423">
    <p class='ocr_par' dir='ltr' id='par_1_9' title="bbox 415 4359 964 4423">
     <span class='ocr_line' id='line_1_47' title="bbox 415 4359 964 4423; baseline -0.002 -13"><span class='ocrx_word' id='word_1_353' title='bbox 415 4359 594 4423; x_wconf 73' lang='lat' dir='ltr'>Delph.</span> <span class='ocrx_word' id='word_1_354' title='bbox 616 4363 663 4408; x_wconf 81' lang='lat' dir='ltr'>et</span> <span class='ocrx_word' id='word_1_355' title='bbox 691 4359 807 4411; x_wconf 68' lang='grc' dir='ltr'>γαν.</span> <span class='ocrx_word' id='word_1_356' title='bbox 836 4360 964 4409; x_wconf 78' lang='lat' dir='ltr'>Clas·</span> 
     </span>
    </p>
   </div>
   <div class='ocr_carea' id='block_1_10' title="bbox 1294 4359 1498 4408">
    <p class='ocr_par' dir='ltr' id='par_1_10' title="bbox 1294 4359 1498 4408">
     <span class='ocr_line' id='line_1_48' title="bbox 1294 4359 1498 4408; baseline 0 0"><span class='ocrx_word' id='word_1_357' title='bbox 1294 4359 1498 4408; x_wconf 74' lang='lat' dir='ltr'>Plinius.</span> 
     </span>
    </p>
   </div>
   <div class='ocr_carea' id='block_1_11' title="bbox 1414 3437 2487 4340">
    <p class='ocr_par' dir='ltr' id='par_1_11' title="bbox 1414 3437 2487 4340">
     <span class='ocr_line' id='line_1_49' title="bbox 1414 3437 2483 3499; baseline -0.004 -11"><span class='ocrx_word' id='word_1_358' title='bbox 1414 3440 1593 3488; x_wconf 84' lang='lat' dir='ltr'>Patin.</span> <span class='ocrx_word' id='word_1_359' title='bbox 1632 3439 1682 3486; x_wconf 88' lang='lat' dir='ltr'>in</span> <span class='ocrx_word' id='word_1_360' title='bbox 1718 3437 1901 3487; x_wconf 85' lang='lat' dir='ltr'>Famil.</span> <span class='ocrx_word' id='word_1_361' title='bbox 1927 3452 1978 3499; x_wconf 87' lang='lat' dir='ltr'>p.</span> <span class='ocrx_word' id='word_1_362' title='bbox 1999 3439 2082 3485; x_wconf 86' lang='grc'>88.</span> <span class='ocrx_word' id='word_1_363' title='bbox 2112 3450 2249 3484; x_wconf 87' lang='lat' dir='ltr'>num.</span> <span class='ocrx_word' id='word_1_364' title='bbox 2274 3450 2315 3484; x_wconf 85' lang='lat'>1.</span> <span class='ocrx_word' id='word_1_365' title='bbox 2336 3446 2483 3485; x_wconf 89' lang='lat' dir='ltr'>num-</span> 
     </span>
     <span class='ocr_line' id='line_1_50' title="bbox 1418 3513 2483 3578; baseline -0.004 -13"><span class='ocrx_word' id='word_1_366' title='bbox 1418 3531 1532 3565; x_wconf 88' lang='lat' dir='ltr'>mus</span> <span class='ocrx_word' id='word_1_367' title='bbox 1592 3521 1890 3578; x_wconf 84' lang='lat' dir='ltr'>argeuteus.</span> <span class='ocrx_word' id='word_1_368' title='bbox 1956 3513 2018 3562; x_wconf 91' lang='lat' dir='ltr'>In</span> <span class='ocrx_word' id='word_1_369' title='bbox 2079 3528 2141 3562; x_wconf 83' lang='lat' dir='ltr'>eo</span> <span class='ocrx_word' id='word_1_370' title='bbox 2185 3513 2483 3562; x_wconf 85' lang='lat' dir='ltr'>Antoninus</span> 
     </span>
     <span class='ocr_line' id='line_1_51' title="bbox 1418 3589 2481 3656; baseline -0.005 -14"><span class='ocrx_word' id='word_1_371' title='bbox 1418 3594 1553 3656; x_wconf 85' lang='lat' dir='ltr'>Imp.</span> <span class='ocrx_word' id='word_1_372' title='bbox 1599 3594 1783 3656; x_wconf 81' lang='lat' dir='ltr'>clypeo</span> <span class='ocrx_word' id='word_1_373' title='bbox 1820 3590 2028 3650; x_wconf 87' lang='lat' dir='ltr'>insidet,</span> <span class='ocrx_word' id='word_1_374' title='bbox 2069 3589 2254 3638; x_wconf 80' lang='lat' dir='ltr'>dextra</span> <span class='ocrx_word' id='word_1_375' title='bbox 2300 3596 2481 3638; x_wconf 84' lang='lat' dir='ltr'>teneus</span> 
     </span>
     <span class='ocr_line' id='line_1_52' title="bbox 1418 3664 2484 3731; baseline -0.005 -14"><span class='ocrx_word' id='word_1_376' title='bbox 1418 3669 1666 3718; x_wconf 82' lang='lat' dir='ltr'>bacillum</span> <span class='ocrx_word' id='word_1_377' title='bbox 1687 3667 2117 3731; x_wconf 85' lang='lat' dir='ltr'>Imperatorium:</span> <span class='ocrx_word' id='word_1_378' title='bbox 2145 3681 2175 3713; x_wconf 81' lang='lat' dir='ltr'>a</span> <span class='ocrx_word' id='word_1_379' title='bbox 2192 3673 2346 3728; x_wconf 85' lang='lat' dir='ltr'>tergo</span> <span class='ocrx_word' id='word_1_380' title='bbox 2362 3664 2484 3712; x_wconf 86' lang='lat' dir='ltr'>Vic-</span> 
     </span>
     <span class='ocr_line' id='line_1_53' title="bbox 1418 3742 2486 3807; baseline -0.002 -13"><span class='ocrx_word' id='word_1_381' title='bbox 1418 3746 1550 3795; x_wconf 86' lang='lat' dir='ltr'>toria</span> <span class='ocrx_word' id='word_1_382' title='bbox 1592 3745 1812 3807; x_wconf 82' lang='lat' dir='ltr'>paimam</span> <span class='ocrx_word' id='word_1_383' title='bbox 1854 3742 2060 3792; x_wconf 85' lang='lat' dir='ltr'>sinistra</span> <span class='ocrx_word' id='word_1_384' title='bbox 2084 3751 2265 3803; x_wconf 72' lang='lat' dir='ltr'>tenet,</span> <span class='ocrx_word' id='word_1_385' title='bbox 2301 3744 2486 3792; x_wconf 82' lang='lat' dir='ltr'>dextra</span> 
     </span>
     <span class='ocr_line' id='line_1_54' title="bbox 1419 3816 2485 3880; baseline -0.006 -10"><span class='ocrx_word' id='word_1_386' title='bbox 1419 3835 1662 3870; x_wconf 84' lang='lat' dir='ltr'>coronam</span> <span class='ocrx_word' id='word_1_387' title='bbox 1705 3819 1970 3868; x_wconf 87' lang='lat' dir='ltr'>Antonino</span> <span class='ocrx_word' id='word_1_388' title='bbox 2016 3818 2253 3880; x_wconf 87' lang='lat' dir='ltr'>imponit.</span> <span class='ocrx_word' id='word_1_389' title='bbox 2319 3816 2485 3877; x_wconf 89' lang='lat' dir='ltr'>Infra,</span> 
     </span>
     <span class='ocr_line' id='line_1_55' title="bbox 1418 3893 2484 3953; baseline 0 -10"><span class='ocrx_word' id='word_1_390' title='bbox 1418 3909 1541 3945; x_wconf 69' lang='lat' dir='ltr'>sex.</span> <span class='ocrx_word' id='word_1_391' title='bbox 1567 3909 1723 3945; x_wconf 73' lang='lat' dir='ltr'>nom.</span> <span class='ocrx_word' id='word_1_392' title='bbox 1777 3894 1842 3944; x_wconf 90' lang='lat' dir='ltr'>Iu</span> <span class='ocrx_word' id='word_1_393' title='bbox 1868 3893 2084 3953; x_wconf 85' lang='lat' dir='ltr'>ambitu,</span> <span class='ocrx_word' id='word_1_394' title='bbox 2106 3906 2197 3942; x_wconf 73' lang='lat' dir='ltr'>PR.</span> <span class='ocrx_word' id='word_1_395' title='bbox 2219 3907 2270 3943; x_wconf 77' lang='grc' dir='ltr'>ι..</span> <span class='ocrx_word' id='word_1_396' title='bbox 2292 3908 2346 3944; x_wconf 77' lang='grc' dir='ltr'>ν.</span> <span class='ocrx_word' id='word_1_397' title='bbox 2362 3907 2411 3941; x_wconf 81' lang='lat'>1².</span> <span class='ocrx_word' id='word_1_398' title='bbox 2434 3905 2484 3943; x_wconf 76' lang='lat' dir='ltr'>r.</span> 
     </span>
     <span class='ocr_line' id='line_1_56' title="bbox 1421 3970 2486 4037; baseline -0.004 -17"><span class='ocrx_word' id='word_1_399' title='bbox 1421 3971 1509 4037; x_wconf 88' lang='lat'>.)(.</span> <span class='ocrx_word' id='word_1_400' title='bbox 1545 3972 1716 4035; x_wconf 81' lang='lat' dir='ltr'>Caput</span> <span class='ocrx_word' id='word_1_401' title='bbox 1740 3971 1961 4019; x_wconf 85' lang='lat' dir='ltr'>Senatus</span> <span class='ocrx_word' id='word_1_402' title='bbox 1992 3970 2298 4024; x_wconf 65' lang='lat' dir='ltr'>levireatnm,</span> <span class='ocrx_word' id='word_1_403' title='bbox 2338 3971 2486 4017; x_wconf 85' lang='lat' dir='ltr'>vultu</span> 
     </span>
     <span class='ocr_line' id='line_1_57' title="bbox 1422 4045 2486 4111; baseline -0.002 -16"><span class='ocrx_word' id='word_1_404' title='bbox 1422 4048 1591 4111; x_wconf 69' lang='lat' dir='ltr'>senili,</span> <span class='ocrx_word' id='word_1_405' title='bbox 1626 4061 1742 4095; x_wconf 88' lang='lat' dir='ltr'>cum</span> <span class='ocrx_word' id='word_1_406' title='bbox 1776 4045 1941 4094; x_wconf 85' lang='lat' dir='ltr'>literis</span> <span class='ocrx_word' id='word_1_407' title='bbox 1962 4045 2014 4093; x_wconf 85' lang='lat' dir='ltr'>S.</span> <span class='ocrx_word' id='word_1_408' title='bbox 2036 4046 2097 4094; x_wconf 83' lang='lat' dir='ltr'>C.</span> <span class='ocrx_word' id='word_1_409' title='bbox 2132 4052 2272 4094; x_wconf 87' lang='lat' dir='ltr'>retro</span> <span class='ocrx_word' id='word_1_410' title='bbox 2297 4045 2486 4107; x_wconf 77' lang='lat' dir='ltr'>ascrip-</span> 
     </span>
     <span class='ocr_line' id='line_1_58' title="bbox 1424 4120 2487 4185; baseline -0.003 -12"><span class='ocrx_word' id='word_1_411' title='bbox 1424 4123 1509 4185; x_wconf 86' lang='lat' dir='ltr'>tis,</span> <span class='ocrx_word' id='word_1_412' title='bbox 1564 4128 1619 4172; x_wconf 89' lang='lat' dir='ltr'>et</span> <span class='ocrx_word' id='word_1_413' title='bbox 1666 4129 1895 4185; x_wconf 85' lang='lat' dir='ltr'>sceptro,</span> <span class='ocrx_word' id='word_1_414' title='bbox 1943 4120 2132 4184; x_wconf 85' lang='lat' dir='ltr'>insigni</span> <span class='ocrx_word' id='word_1_415' title='bbox 2191 4121 2487 4183; x_wconf 86' lang='lat' dir='ltr'>potestatis.</span> 
     </span>
     <span class='ocr_line' id='line_1_59' title="bbox 1424 4198 2485 4262; baseline -0.002 -13"><span class='ocrx_word' id='word_1_416' title='bbox 1424 4198 1627 4249; x_wconf 83' lang='lat' dir='ltr'>Deinde</span> <span class='ocrx_word' id='word_1_417' title='bbox 1647 4200 1851 4249; x_wconf 77' lang='lat' dir='ltr'>sinistro</span> <span class='ocrx_word' id='word_1_418' title='bbox 1874 4201 2060 4262; x_wconf 86' lang='lat' dir='ltr'>latere,</span> <span class='ocrx_word' id='word_1_419' title='bbox 2084 4212 2339 4248; x_wconf 74' lang='lat' dir='ltr'>svrnNAS.</span> <span class='ocrx_word' id='word_1_420' title='bbox 2397 4199 2485 4247; x_wconf 91' lang='lat' dir='ltr'>Iu-</span> 
     </span>
     <span class='ocr_line' id='line_1_60' title="bbox 1419 4276 2487 4340; baseline -0.002 -15"><span class='ocrx_word' id='word_1_421' title='bbox 1419 4284 1571 4340; x_wconf 86' lang='lat' dir='ltr'>tegra</span> <span class='ocrx_word' id='word_1_422' title='bbox 1610 4277 1723 4329; x_wconf 72' lang='lat' dir='ltr'>haec</span> <span class='ocrx_word' id='word_1_423' title='bbox 1761 4277 2171 4327; x_wconf 77' lang='lat' dir='ltr'>sententia-est:</span> <span class='ocrx_word' id='word_1_424' title='bbox 2228 4276 2487 4324; x_wconf 85' lang='lat' dir='ltr'>‘SEXtus</span> 
     </span>
    </p>
   </div>
   <div class='ocr_carea' id='block_1_12' title="bbox 2209 4357 2420 4405">
    <p class='ocr_par' dir='ltr' id='par_1_12' title="bbox 2209 4357 2420 4405">
     <span class='ocr_line' id='line_1_61' title="bbox 2209 4357 2420 4405; baseline 0 -1"><span class='ocrx_word' id='word_1_425' title='bbox 2209 4357 2420 4405; x_wconf 20' lang='lat' dir='ltr'>14D⁷</span> 
     </span>
    </p>
   </div>
  </div>
 </body>
</html>
