3000 4917
436 369 611 442 4936
1422 383 1497 431 1N
1513 381 1668 433 unx

501 533 681 583 Melior
709 522 994 582 ambricae.
1061 514 1199 579 vm'e
1230 501 1518 578 timorata..

505 615 751 665 Melissus.
813 612 1057 663 Meminit
1093 609 1374 661 Suetonius
1409 607 1476 656 de
1517 608 1717 657 Illustr.
1754 605 1992 657 Gramm.
2027 621 2077 656 c.
2113 610 2165 656 8.
2199 620 2256 670 p.
2290 610 2407 656 120.
2482 605 2665 655 Lenaei

439 696 677 747 Melissi:
714 695 888 759 capite
909 708 1035 743 vero
1058 698 1142 743 21.
1178 708 1233 755 p·
1257 694 1372 740 128.
1408 689 1521 740 Caii
1547 689 1703 738 etism
1728 688 1953 746 Melissi,
1976 703 2131 753 quem
2154 687 2447 738 Maecenati
2472 688 2661 752 gratis·

437 777 620 827 simum
646 774 809 826 fuisse
830 777 922 832 ait,
947 788 1008 824 ae
1031 772 1473 823 Bibliotheearum
1495 771 1547 819 in
1564 769 1805 819 Octaviae
1826 770 2030 833 porticu
2049 769 2457 820 ordinandarum
2480 783 2658 819 curam

439 859 744 923 suscepisse.
826 856 874 906 A
901 863 1120 919 patrono
1141 867 1234 903 suo
1257 852 1317 902 (2.
1344 852 1642 901 Maecenate
1665 851 2005 901 manumissus
2028 850 2091 901 C.
2115 850 2367 900 Melissus
2388 852 2669 901 Mecenaa

441 941 611 990 dictus
649 946 748 991 est.
830 939 934 988 Hic
970 937 1107 986 enim
1153 936 1241 984 ille
1285 940 1386 998 est,
1427 947 1580 996 quem
1620 932 1934 981 Macenatens
1965 933 2222 982 Melissus
2251 932 2412 982 scribi
2450 940 2669 993 oportet

440 1020 578 1084 apud
605 1017 831 1070 Plinium
858 1032 1064 1069 xxvin.
1092 1021 1169 1066 17.
1192 1023 1251 1066 ut
1276 1016 1346 1064 ibi
1386 1014 1625 1063 diximus.
1681 1013 1890 1063 Librum
1932 1014 2138 1078 scripsit
2174 1013 2511 1063 Facetiarnm
2548 1016 2661 1065 sive

440 1102 708 1165 Jocorum,
743 1110 880 1152 teste
904 1100 1084 1151 eodem
1108 1098 1374 1149 Suetonio.
1441 1096 1736 1160 Impetrare
1759 1100 1934 1144 tamen
1954 1109 1985 1144 a
2007 1110 2089 1145 me
2115 1095 2201 1144 vix
2233 1110 2448 1158 possum
2474 1103 2534 1146 ut
2556 1109 2671 1145 cre-

442 1183 581 1244 dam,
604 1183 913 1232 alterutrum
946 1196 1014 1231 ex
1046 1180 1126 1231 liis
1148 1196 1180 1230 a
1202 1180 1376 1229 Plinio
1401 1178 1579 1228 vocari
1601 1177 1653 1227 in
1674 1185 1872 1241 partes.
1939 1176 2093 1227 Illum
2116 1178 2293 1240 potius
2313 1176 2665 1227 existimarim

443 1262 510 1312 ab
527 1276 591 1313 eo
614 1262 897 1326 designari,
918 1260 1148 1327 quisquis
1165 1261 1206 1309 is
1228 1259 1407 1317 fuerit,
1432 1259 1704 1308 Melissum
1724 1259 2048 1323 scriptorem,
2066 1258 2215 1323 cujus
2238 1257 2426 1307 librum
2448 1258 2517 1307 de
2536 1257 2664 1307 Ani·

444 1342 664 1392 malibus
685 1344 864 1393 laudat
890 1342 1139 1392 Albertus
1161 1343 1240 1391 M.
1260 1342 1325 1391 de
1349 1340 1576 1390 Animal.
1599 1353 1675 1390 vn.
1704 1344 1750 1389 1.
1768 1345 1818 1390 6.
1843 1354 1896 1404 p.
1920 1344 2030 1390 196.
2096 1341 2194 1389 Est
2211 1347 2269 1389 et
2285 1342 2423 1389 alter
2442 1341 2461 1367 ‘
2481 1339 2673 1389 Melis-

445 1439 531 1473 sus
556 1423 854 1488 Euboicus‚’
891 1424 1059 1488 inquit
1080 1422 1385 1483 Fulgentius
1417 1420 1644 1485 Mythol.
1670 1420 1759 1472 lib.
1785 1434 1848 1469 ιι.
1873 1434 1925 1483 p.
1942 1424 2055 1470 140.
2079 1434 2198 1483 cap.
2221 1420 2286 1470 de
2308 1421 2516 1484 Cygno,
2540 1421 2559 1448 ‘
2577 1420 2667 1484 qui

444 1506 673 1555 omnium
697 1507 1113 1569 physiologornm
1138 1505 1426 1554 sententias
1443 1503 1767 1568 disputavit.⁹
1830 1501 1980 1553 Alius
1998 1517 2197 1552 rursum
2219 1502 2357 1567 apud
2379 1502 2560 1553 Laert.
2579 1501 2670 1554 lib.

449 1599 531 1637 sx.
555 1601 608 1649 p.
632 1590 747 1637 243.
770 1587 862 1635 sed
880 1594 1067 1636 neuter
1087 1587 1188 1637 huc
1211 1585 1461 1649 pertinet.

516 1669 839 1718 Menaechmus
866 1669 1158 1733 Sicyonius,
1200 1667 1481 1730 Μέναιχμος
1501 1666 1681 1717 Suidoe
1707 1672 1849 1716 tomo
1871 1679 1936 1715 ιι.
1961 1680 2011 1729 p.
2038 1670 2120 1716 89.
2154 1666 2234 1716 De
2253 1665 2544 1731 artfficibsss,
2562 1664 2675 1729 περὶ

447 1751 701 1814 τεχνιτῶν,
725 1750 934 1815 scripsit
950 1749 1139 1799 librum
1164 1765 1341 1813 unum,
1366 1757 1501 1799 teste
1521 1747 1780 1798 Athenaeo
1800 1747 1889 1802 lib.
1919 1760 2038 1797 x1v.
2061 1762 2114 1810 p.
2131 1750 2247 1797 636.
2315 1747 2401 1796 ΒΘἸ
2420 1755 2537 1797 arte
2558 1761 2672 1804 sua,

447 1830 546 1879 hoc
569 1837 671 1891 est,
693 1831 758 1879 de
782 1832 1081 1893 Toreutice,
1105 1831 1241 1881 Plin.
1267 1845 1465 1881 xxxiv.
1486 1835 1567 1881 19.
1635 1829 1926 1879 statuarius
1948 1827 2066 1878 fuit.
2135 1828 2283 1877 Idem
2302 1828 2673 1893 Sicyoniorum

448 1911 714 1960 historiam
740 1911 883 1960 libris
906 1926 997 1962 sex
1029 1913 1332 1975 complexus
1355 1919 1456 1975 est,
1478 1919 1615 1962 teste
1639 1910 1898 1961 Atheneo
1918 1910 2009 1960 lib'.
2033 1923 2125 1960 ιιι.
2145 1926 2198 1974 p.
2221 1915 2338 1962 271.
2403 1911 2564 1961 Idem
2587 1926 2672 1963 res

452 2000 628 2057 gestas
656 1992 724 2042 ab
748 1992 1072 2050 Alexandro,
1097 2002 1155 2042 ut
1177 2002 1361 2043 auctor
1381 2002 1462 2043 est
1484 1992 1674 2044 Suidas
1700 1994 1798 2043 loc.
1822 1994 1915 2042 cit.

516 2073 786 2123 Menander
818 2073 1052 2124 Comicus.
1116 2074 1545 2138 Theophrastum,
1570 2073 1871 2124 Aristotelis
1896 2074 2228 2138 discipulum,
2253 2075 2561 2136 magistrum
2586 2075 2679 2125 ha·

451 2154 584 2213 buit,
610 2162 747 2205 teste
776 2154 980 2204 Laertio
1004 2155 1056 2204 in
1076 2155 1336 2219 Theophr.
1370 2155 1459 2206 lib.
1488 2170 1543 2205 v.
1566 2171 1618 2220 p.
1647 2158 1757 2205 122.
1779 2170 1924 2204 novae
1946 2156 2213 2205 comoediae
2240 2156 2509 2220 princeps.
2547 2156 2681 2206 Plu-

453 2237 610 2285 rimss
648 2236 763 2301 ejus
806 2234 1012 2286 fabulas
1056 2237 1189 2287 citat
1227 2236 1515 2288 Athenaeus
1550 2254 1565 2286 ι
1614 2237 1787 2287 citant
1829 2247 1886 2286 et
1929 2237 2035 2286 alii.
2124 2238 2210 2286 De
2254 2250 2323 2286 eo
2364 2237 2487 2286 vide
2532 2237 2676 2288 Piis.

457 2330 563 2366 vu.
587 2320 668 2367 sl.

522 2397 784 2447 Menandre·
803 2397 930 2459 duo,
964 2398 1218 2448 Prienam
1244 2405 1301 2449 et
1325 2397 1652 2448 Heracleotes.
1716 2397 1914 2448 Prion-is
1938 2398 2111 2446 Varro
2148 2406 2203 2447 et
2229 2398 2522 2448 Columella
2546 2412 2589 2449 ι.
2628 2403 2678 2448 1.

454 2480 596 2529 inter
618 2480 900 2543 scriptores
925 2481 989 2530 de
1013 2481 1363 2544 agricultura3
1390 2480 1699 2544 posterioris
1716 2481 1856 2529 solus
1879 2479 2047 2528 Varro
2068 2479 2321 2528 meminit.
2364 2480 2455 2529 Illi
2478 2481 2680 2529 Priene

459 2560 622 2608 Ionius
648 2560 851 2615 civitas,
884 2561 971 2611 isti
1005 2560 1274 2619 Heraclia,
1306 2575 1650 2627 quaecumque
1673 2560 1869 2632 illaqsit,
1890 2574 2076 2609 nomen
2100 2559 2268 2609 dedit.
2334 2561 2436 2610 Vel
2472 2562 2679 2611 illorum

459 2641 735 2705 alteruter,
759 2642 842 2690 vel
867 2641 933 2691 ab
969 2649 1194 2706 utroque
1218 2643 1451 2691 diversus
1482 2643 1573 2692 ille
1595 2642 1891 2692 Menander
1913 2649 2013 2697 est,
2036 2642 2124 2706 qui
2146 2641 2423 2706 Βιόχρηπα
2444 2643 2684 2707 scripsit,

456 2725 556 2773 boe
574 2730 671 2787 est,
700 2723 827 2773 Vitae
858 2724 1042 2773 Utilia:
1068 2723 1135 2772 de
1161 2739 1261 2788 quo
1281 2723 1483 2772 Plinius
1508 2725 1560 2773 in
1585 2723 1767 2773 Indice
1788 2723 1881 2772 lib.
1903 2736 2022 2772 xix.

471 2827 480 2832 ·
526 2806 826 2854 Menecrates
848 2805 1001 2854 Poie‘ta
1025 2805 1301 2868 Ephesius,
1333 2820 1484 2870 quem
1510 2805 1578 2853 de
1606 2806 1684 2854 Re
1709 2805 1926 2854 Rustica
1961 2818 2168 2854 carmen
2198 2807 2475 2870 scripsisse
2497 2815 2684 2856 auctor

461 2891 545 2935 est
566 2886 737 2935 Varro
760 2885 826 2936 de
851 2887 929 2934 Re
953 2885 1103 2934 Rust.
1126 2898 1165 2933 ι.
1191 2890 1235 2934 1.
1301 2885 1458 2934 Hunc
1491 2885 1694 2935 Plinius
1734 2885 1915 2935 laudat
1953 2887 2142 2949 passim
2162 2901 2178 2933 ε
2219 2893 2274 2935 at
2298 2888 2355 2934 in
2373 2886 2560 2938 Indiee
2586 2886 2681 2938 lib.

465 2979 549 3018 xl.
581 2967 940 3016 Meneni-atem
982 2966 1160 3030 potius
1194 2967 1524 3030 Syracosium
1547 2965 1807 3016 medicum
1831 2967 2092 3030 designari
2117 2974 2265 3029 puto,
2300 2967 2367 3016 de
2390 2983 2496 3032 quo
2518 2967 2687 3017 Athe-

463 3061 608 3098 naens
630 3048 719 3099 lib.
747 3062 852 3098 vn.
878 3063 930 3112 p.
953 3051 1070 3098 289.
1105 3056 1161 3099 et
1183 3063 1333 3113 quem
1366 3046 1700 3110 Optiinoruns
1726 3047 2219 3097 medicamentorum
2245 3050 2434 3099 librum
2458 3050 2682 3114 inscrip-

466 3130 593 3180 sisse
614 3136 799 3180 auctor
819 3137 905 3179 est
926 3128 1161 3180 Galenus
1185 3138 1327 3180 tomo
1351 3142 1483 3180 1111.
1509 3127 1635 3179 κατὰ
1652 3126 1845 3194 τόπους,
1865 3142 1943 3180 vx.
1965 3134 2015 3179 9.
2040 3144 2093 3194 p.
2117 3134 2234 3181 518.

530 3211 747 3260 Messala
772 3211 967 3261 Orator.
1036 3211 1176 3261 Vide
1203 3211 1439 3261 Corvinus
1460 3213 1690 3263 Messala.

534 3293 744 3343 Messala
789 3294 967 3349 Senex,
1009 3293 1149 3343 idem
1191 3294 1423 3343 Messala
1465 3293 1747 3344 Censorius
1786 3293 1963 3343 Plinio
1992 3292 2167 3343 dictus
2206 3305 2306 3343 m.
2348 3295 2427 3343 10.
2497 3294 2686 3358 Augur

470 3375 703 3423 Messala
725 3374 898 3424 Gellio
923 3388 1053 3425 xtn·
1076 3380 1154 3425 15.
1179 3391 1232 3440 p.
1256 3379 1374 3426 685.
1397 3375 1484 3424 ubi
1511 3375 1697 3424 librum
1721 3375 1786 3425 de
1803 3375 2064 3439 Auspiciis
2081 3375 2155 3424 ab
2167 3389 2232 3424 eo
2247 3376 2504 3440 scripturn
2521 3376 2685 3427 dicit:

468 3455 572 3511 vel,
596 3455 673 3504 uti
695 3455 877 3505 Festus
900 3456 996 3520 ait,
1015 3456 1178 3506 verbo
1202 3457 1522 3521 Marspedis,
1540 3457 1606 3506 de
1630 3458 2017 3522 Explanatione
2027 3456 2399 3520 Auguriornm.
2466 3458 2557 3507 De
2584 3459 2684 3508 Ro-

471 3535 637 3585 manis
661 3536 821 3586 etiam
852 3535 1056 3586 familiis
1089 3538 1320 3602 scripsit,
1356 3553 1456 3602 quo
1491 3553 1559 3589 ex
1599 3553 1760 3603 opere
1790 3539 1993 3589 Plinius
2025 3537 2257 3603 profecit
2294 3551 2504 3590 xxnv.
2524 3544 2610 3590 38.
2629 3548 2687 3592 et

472 3629 652 3667 xxxv.
673 3621 724 3666 2.
747 3625 902 3681 atque
926 3617 1077 3681 adeo,
1099 3626 1156 3668 ut
1179 3619 1301 3668 mihi
1326 3619 1537 3683 quidem
1563 3620 1790 3685 videtur,
1810 3633 2027 3671 xxxin.
2048 3623 2127 3670 14.

538 3699 832 3749 Messalinus
854 3700 1015 3750 Cotta.
1082 3700 1218 3749 Vide
1243 3702 1388 3751 Cotta
1410 3701 1720 3751 Messalinus.

536 3782 772 3831 Metellus
797 3781 975 3845 Scipio.
1047 3783 1284 3833 Diximus
1308 3783 1374 3833 de
1399 3798 1480 3841 eo,
1507 3797 1635 3834 vm.
1654 3787 1737 3834 74.

541 3861 728 3911 Meton.
793 3861 1100 3926 Astrolngns
1118 3865 1519 3928 antiquissimus,
1541 3866 1629 3930 qui
1651 3865 1895 3928 Athenis,
1919 3879 1981 3915 ac
2001 3878 2101 3927 per
2120 3863 2491 3916 Macedoniam
2513 3867 2684 3918 obser·

478 3956 629 3991 vasse
656 3943 845 3993 dicitur
866 3960 896 3993 a
916 3944 1220 4010 Ptolemaeo,
1244 3947 1377 3995 libro
1402 3945 1469 3996 de
1491 3948 1833 4011 apparentiis,
1853 3947 2243 4009 iii-Uranologio
2270 3947 2499 3998 Petavii.
2555 3950 2686 3999 Cous

478 4022 820 4089 Enictemone,
845 4025 1124 4082 Dositheo,
1143 4026 1411 4092 Philippo,
1433 4027 1673 4086 Eudoxo,
1696 4029 1988 4092 ceterisque
2010 4027 2323 4092 Astrologis,
2340 4043 2374 4077 a
2400 4030 2686 4080 Ptolemae

476 4101 589 4151 fere
612 4116 832 4167 semper,
857 4104 1183 4170 Geminoque
1220 4107 1567 4171 conjungitur.
1636 4107 1854 4158 Athenis
1889 4109 2427 4159 Enneadecateridens
2465 4113 2690 4176 promni-

481 4182 644 4247 gavit,
667 4182 834 4247 inquit
856 4185 1081 4235 Diodor.
1102 4187 1260 4236 Sicul.
1281 4188 1371 4237 lib.
1394 4201 1499 4238 χιι.
1527 4204 1578 4253 p.
1600 4193 1682 4239 94.

546 4262 866 4314 Metrodorus.
932 4263 1172 4315 Alterum
1197 4267 1280 4317 liic
1302 4282 1333 4318 a
1355 4270 1542 4334 patria,
1562 4269 1798 4335 Scepsii3
1822 4271 2043 4322 alterum
2062 4270 2135 4321 ab
2146 4266 2267 4323 odio
2285 4271 2513 4325 Rom-sni
2530 4275 2688 4326 nomi-
