3000 4917
2310 345 2486 415 4655

272 529 428 579 cum
478 509 706 592 adipe,
748 514 815 574 et
854 508 1363 594 hydropicorum
1411 509 1855 599 eruptiones}
1900 507 2133 573 siccat.
2223 507 2313 572 Et
2359 525 2479 572 aa·

268 613 441 685 rium
473 613 637 677 vitia
656 609 685 646 ¹¹
714 630 867 677 cum
900 629 1109 674 succo
1140 609 1385 673 Punici
1415 610 1609 673 mali:
1658 615 1721 672 et
1752 609 2069 690 unguium
2100 608 2478 685 scabritiae,

269 714 800 796 cicatricumque
822 711 1128 789 duritiaS,
1151 714 1218 773 et
1242 711 1569 795 pterygia,
1589 729 1671 774 ac
1692 704 2153 793 perniones-¹³¹
2222 708 2483 791 Phage·
2541 744 2546 747 -

268 814 507 881 daenas
552 813 852 879 ulcerum
890 832 977 876 ex
1024 818 1242 888 aceto,
1274 816 1387 875 aut
1418 830 1576 881 cum,
1598 812 1796 893 galla,
1827 810 1975 894 pari
2004 809 2299 893 pondere
2341 829 2479 875 cre·

265 923 493 982 mata:
538 917 765 998 lepras
808 935 961 979 cum
1006 933 1215 978 succo
1262 914 1756 983 olerumt'cum
1804 912 1965 979 salis
2015 931 2170 977 vero
2216 911 2481 976 duabus
2541 960 2548 967 .

265 1019 602 1101 partibus„
654 1019 819 1082 vitia
877 1036 1032 1101 quae
1086 1012 1424 1099 serpuntej
1480 1014 1715 1080 lendes
1775 1021 1845 1080 et
1902 1013 2037 1078 alia
2086 1013 2480 1098 capillorum

266 1120 677 1199 animalia,¹4
719 1119 1119 1203 permixtum
1162 1136 1388 1200 aquae.
1477 1116 1595 1180 Sic
1645 1123 1718 1180 et
1766 1111 2138 1181 ambustisk
2180 1115 2478 1198 prodest,

263 1230 336 1286 et
385 1221 752 1286 furfuribus
801 1236 1153 1303 corporum
1200 1238 1353 1284 cum
1404 1237 1576 1282 sero·
1612 1217 1868 1301 picis.¹⁵
1882 1213 1897 1252 ¹
1993 1216 2369 1283 Infunditur
2411 1223 2480 1280 et

263 1323 728 1407 dysentericis,
821 1321 1048 1386 Uvam
1101 1327 1429 1404 quoque¹¹¹
1480 1321 1552 1384 in
1601 1339 1715 1383 ore
1762 1319 2165 1402 comprimit,
2208 1338 2290 1383 ac
2337 1324 2476 1383 ton-

262 1425 474 1491 sillas.
567 1423 682 1489 Ad
726 1423 1002 1500 omnia,¹¹
1045 1424 1308 1511 quae-in„
1329 1424 1575 1488 ceteris
1604 1423 1953 1505 generibus
1984 1421 2306 1497 diximus,
2335 1418 2477 1484 effi'-

263 1527 503 1618 cacius
546 1527 931 1609 intelligitur
972 1545 1059 1588 ex
1108 1525 1300 1590 Melo
1350 1524 1732 1589 advectum.
1824 1522 2006 1587 Nam
2051 1522 2139 1589 ad
2180 1523 2476 1607 reliquos

261 1648 440 1705 usus
491 1629 648 1692 vitae
699 1629 769 1692 in
816 1622 1016 1693 coriis
1073 1612 1381 1712 lanisque
1439 1614 1870 1711 perficiendis
1918 1626 2153 1710 quanti
2200 1625 2293 1690 sit
2337 1644 2479 1688 mo-

260 1731 468 1809 menti
500 1727 950 1812 significatum
980 1734 1133 1791 est.⁰

350 1828 794 1916 1,111.(xv1.)
835 1829 946 1895 Ab
998 1829 1107 1894 his
1160 1849 1356 1914 paene
1412 1831 1679 1895 omnia¹
1731 1830 1824 1896 ad
1862 1830 2231 1897 medicinas
2277 1828 2480 1911 perti-

261 1935 500 1999 nentia
543 1939 732 1998 terrae
773 1952 1017 2017 genera
1047 1932 1505 1997 tractabimus.
1592 1934 1845 1998 Samiae
1875 1932 2071 1998 duae²
2116 1936 2292 2011 sunt,
2322 1947 2477 2014 quae

849 364 1024 416 NA'r.
1072 365 1266 414 msr.
1315 365 1458 413 mn.
1511 364 1764 413 xxxv,
1810 345 1921 413 53.

259 2181 415 2236 Mox,
428 2185 481 2229 et
499 2182 778 2244 papularum
800 2183 1063 2247 eruptiones
1083 2196 1259 2245 margo
1283 2181 1406 2232 edd.
1442 2182 1626 2231 Daiee.
1661 2187 1716 2230 et
1739 2181 1968 2231 Gronov.
1993 2194 2021 2229 e
2044 2179 2355 2231 Diosc.—13
2393 2177 2479 2228 Ita

257 2260 327 2294 ex
355 2245 511 2295 codd.
542 2246 844 2296 Harduinus
871 2257 927 2296 et
949 2253 1169 2297 recentt.
1192 2248 1268 2296 ita
1289 2261 1493 2312 quoqne
1520 2247 1637 2296 cod.
1661 2247 1844 2296 Dalec.
1904 2250 1952 2295 et
1972 2247 2212 2309 pterygia,
2234 2243 2480 2306 perniones

259 2310 497 2360 Gronov.
520 2319 577 2360 et
602 2312 909 2374 vulgg.—l4
944 2311 1076 2361 Cod.
1102 2313 1287 2361 Daiec.
1331 2312 1611 2374 capillorum
1646 2312 1786 2373 titia,
1820 2310 2139 2372 animaliaque
2151 2324 2173 2367 ς
2210 2310 2332 2356 Vet.
2366 2308 2473 2357 Da·

258 2376 362 2424 lec.
384 2376 593 2438 capitum
614 2376 988 2425 πωπω-»15
1025 2376 1261 2425 Gronov.
1291 2385 1346 2426 et
1379 2377 1448 2425 al.
1477 2384 1601 2426 ante
1638 2374 1898 2424 Harduin.
1920 2390 2026 2424 cum
2046 2389 2150 2423 sero
2169 2378 2217 2422 et
2236 2373 2360 2435 pice.

328 2435 470 2488 CAP.
492 2453 614 2489 mn.
683 2443 708 2488 1
746 2439 762 2466 ‘
779 2440 867 2489 Ita
889 2439 1020 2488 bene
1046 2441 1176 2488 Mss.
1202 2440 1334 2504 Reg.
1350 2444 1401 2490 2.
1423 2444 1474 2490 3.
1496 2446 1547 2489 5.
1602 2441 1723 2490 Non
1750 2440 1825 2489 ita
1848 2439 1981 2487 bene
2007 2441 2058 2487 in
2076 2438 2318 2486 Editione
2335 2435 2480 2498 prin-

256 2503 380 2566 cipe
407 2505 645 2567 aliisqne‚
676 2503 756 2553 Ab
784 2505 863 2553 his
895 2519 981 2567 per
998 2519 1051 2553 se
1071 2504 1246 2554 omnia.
1316 2505 1433 2554 Nec
1469 2518 1649 2553 omnes
1672 2504 1753 2553 hic
1776 2511 2017 2552 recenset
2039 2503 2267 2551 medicas
2292 2509 2476 2555 terras,

261 2568 556 2630 Lemniam,
589 2567 1295 2630 Melitensem-Armeniam:
1334 2573 1434 2618 ἅς.
1465 2569 1686 2617 Brotier.
1765 2568 1846 2617 Ab
1882 2568 1964 2616 his
1985 2581 2121 2630 paene
2157 2566 2317 2614 omnia
2350 2564 2469 2613 cod.

260 2632 449 2683 Balec.
514 2633 595 2682 Ab
622 2633 698 2682 Itis
726 2647 813 2698 per
833 2648 886 2682 se
907 2633 1065 2683 omnia
1087 2632 1208 2686 edd.
1232 2640 1363 2683 vett.
1381 2634 1614 2684 Gronov.
1654 2632 1911 2682 Hardnin.
1941 2636 1988 2681 1.
2007 2637 2056 2681 2.
2089 2634 2139 2680 3.
2173 2638 2230 2681 et
2252 2637 2475 2679 recenti.

1194 2791 1199 2795 ·
1258 2765 1472 2818 NOTAE

325 2870 353 2906 s
385 2863 458 2912 Ee
497 2862 855 2926 hydropicorum
891 2862 1182 2926 eruptiones]
1217 2862 1325 2913 Has

254 2953 359 3003 ego
399 2940 704 3002 eruptiones
740 2939 1035 3002 ἐξανθήματα
1069 2941 1327 3005 interpre-

259 3022 364 3072 tor,
398 3016 500 3065 hoe
523 3025 627 3077 est,
654 3020 866 3080 pandos,
896 3013 1185 3080 postiniane,
1204 3031 1325 3080 quoe

260 3092 393 3142 solet
441 3094 747 3158 plerumque
788 3093 987 3143 Plinius
1039 3093 1239 3157 pituita}
1268 3106 1323 3143 e·

258 3170 845 3233 ruptionesappellare.
1258 3166 1263 3173 '

321 3244 346 3278 ¹¹
383 3247 456 3295 Et
479 3246 669 3295 auriam
702 3247 845 3311 sitia]
879 3247 1078 3297 Theod.
1098 3246 1323 3296 Priscia-

258 3335 353 3370 nus
376 3336 418 3371 1.
442 3325 492 3370 8.
527 3327 541 3349 ⁴
558 3320 625 3370 de
649 3322 848 3371 adrium
887 3320 1230 3372 causatione?
1253 3353 1324 3371 ....

256 3398 273 3424 ‘
297 3398 354 3447 Si
378 3412 499 3447 cum
522 3398 613 3447 ina
634 3397 987 3461 indignatione
1011 3396 1204 3446 doloris
1226 3397 1323 3445 eti-

262 3487 337 3521 am
358 3472 624 3523 derivatio
666 3471 825 3522 fuerit
856 3473 1074 3535 saniona,
1117 3472 1320 3521 alumen

252 3549 411 3598 ‘melle
434 3556 495 3597 et·
515 3549 632 3597 oleo
651 3546 1256 3598 resolutuminfundito!

317 3626 333 3660 ¹
367 3626 662 3692 Per-aiom]
711 3628 800 3677 Sic
834 3622 1000 3677 etiam*
1043 3627 1322 3676 Marcellus

264 3703 461 3765 Empir.
487 3717 537 3752 c.
559 3707 642 3752 84.
658 3714 707 3767 p.
729 3707 845 3752 2³2.

311 3777 331 3821 J
377 3779 518 3828 Vitia
549 3795 656 3842 qaoe
690 3776 916 3843 serpunt]
950 3780 1023 3828 Ut
1053 3780 1246 3842 ulcera,
1267 3783 1324 3828 et

258 3856 594 3918 erysipelate.
1088 3876 1093 3881 ·

316 3928 345 3964 ἱ
376 3929 469 3979 Sic
507 3936 556 3979 et
591 3930 844 3993 erubuistis]
896 3931 1013 3980 Hoc
1058 3937 1159 3988 est,
1205 3943 1323 3993 per·

258 4006 472 4056 mixtum
497 4021 665 4070 aquae.
711 4008 900 4056 Oleum
925 4006 1137 4055 adhibet
1156 4006 1322 4056 Theo-

260 4081 409 4132 dorus
465 4082 768 4133 Priscianus
813 4097 854 4133 1.
911 4088 992 4134 17.
1048 4081 1324 4132 ‘Alumina

264 4158 422 4209 scisso
440 4173 561 4208 cum
586 4160 702 4211 oleo
732 4160 960 4211 contrito
993 4173 1169 4211 omnes
1195 4159 1323 4209 usti-

266 4247 383 4284 ones
407 4234 579 4299 ungo-³

1470 2862 1484 2897 ¹
1523 2864 1643 2913 Cam
1663 2877 1773 2912 sero
1793 2862 1940 2927 picis]
1972 2860 2091 2910 Hoc
2112 2865 2214 2920 est,
2236 2871 2353 2907 eum
2371 2857 2475 2921 pis-

1405 2940 1657 3001 seiaeo,de
1670 2955 1772 3004 quo
1792 2953 1883 2988 nos
1906 2937 2029 2986 aiibi
2052 2936 2297 2984 diximus.
2329 2934 2468 2983 Vide

1406 3015 1578 3064 Notas
1602 3021 1657 3063 et
1682 3012 1899 3063 Emend.
1923 3026 2062 3061 num.
2083 3015 2166 3059 22.
2421 3008 2430 3013 ”

1469 3097 1506 3123 ¹¹·
1548 3091 1702 3139 Uvam
1723 3086 1928 3152 quoque]
1962 3086 2080 3135 Hoc
2111 3085 2310 3150 pariter
2329 3084 2472 3133 Mai·-

1406 3166 1566 3216 celin·
1589 3163 1787 3228 Empir.
1824 3178 1872 3215 c.
1897 3166 1977 3212 14.
2018 3177 2068 3225 p.
2101 3165 2183 3211 99.
2219 3168 2276 3210 et
2315 3175 2364 3210 e.
2388 3164 2473 3210 1⁵.
2533 3228 2542 3235 ἱ

1406 3256 1459 3304 p.
1486 3245 1601 3291 106.
1652 3256 1658 3265 ·
1794 3258 1798 3265 ·
2095 3248 2100 3253 ·
2177 3250 2184 3259 ·

1468 3326 1493 3352 ¹²
1525 3317 1607 3368 Aa
1631 3315 1814 3379 omia]
1845 3314 2001 3367 Quod
2032 3329 2098 3363 ex
2137 3313 2307 3362 inania
2326 3312 2474 3361 Melo

1405 3395 1610 3444 alumen
1649 3395 1943 3455 advehitur,
1976 3392 2028 3442 id
2064 3407 2180 3441 esse
2218 3398 2473 3454 praestan·

1405 3474 1507 3523 tius
1522 3475 1711 3523 ceteris
1734 3470 2014 3537 significat,
2037 3478 2090 3521 et
2114 3472 2166 3519 in
2188 3484 2286 3519 usu
2309 3467 2472 3517 medi-

1403 3549 1537 3598 cinae
1560 3546 1839 3598 efficacius.
2022 3541 2028 3548 ’
2463 3536 2469 3544 ’

1466 3633 1492 3658 ⁰
1525 3624 1867 3689 Significatum
1883 3621 1982 3684 est]
2017 3621 2128 3672 Sub
2150 3620 2354 3670 initium
2377 3619 2470 3667 iin-

1395 3701 1484 3765 jus
1508 3702 1713 3764 capitis.
2429 3766 2432 3767 γ

1468 3785 1494 3812 ⁸
1524 3777 1699 3826 Samia
1737 3774 1871 3838 ἀπο]
1906 3774 2116 3823 Genera
2150 3772 2262 3821 baee
2300 3769 2473 3819 omnia

1404 3859 1683 3915 terrarum,
1718 3852 1840 3900 olim
1874 3851 1927 3899 in
1949 3849 2220 3899 medicina*¹
2245 3844 2342 3896 usu
2365 3845 2471 3896 fre-

1405 3929 1640 3995 quentis,
1660 3940 1798 3976 nunc
1821 3927 2097 3975 exele-vere
2129 3923 2358 3989 penitus,
2380 3938 2471 3973 ne-

1406 4019 1506 4069 que
1541 4002 1878 4068 perferuntur
1901 4001 1968 4050 ad
1990 4015 2099 4050 nos.
2167 4001 2305 4048 Vide
2329 4001 2469 4049 Mat-

1405 4082 1554 4131 thioi.
1590 4082 1641 4130 in
1670 4082 1843 4130 Diosc.
1864 4093 1916 4128 v,
1945 4083 2056 4129 18⁷.
2079 4086 2139 4129 et
2162 4078 2375 4128 Aidrov.
2400 4077 2471 4126 de

1405 4159 1613 4210 Metail.
1634 4170 1696 4210 n.
1719 4160 1770 4206 Β.
1790 4171 1841 4220 p.
1866 4159 1983 4206 248.
