3000 4917
534 396 708 464 4850
1267 411 1328 458 c.
1375 407 1618 458 mun
1668 400 1999 457 securim

536 557 832 624 crassius
856 573 1057 638 quam
1089 553 1505 634 smaragduS,
1537 573 1577 616 a
1608 553 1834 617 colore
1865 552 2107 617 malvae
2133 560 2151 591 ¹
2201 552 2466 616 nomine
2496 573 2731 639 accep-

534 665 625 736 to,
654 655 1005 723 reddendis
1050 655 1330 720 laudata
1378 655 1612 736 sigum,
1663 662 1734 718 et
1778 650 2167 717 infantium·i
2215 654 2532 719 custodia
2574 675 2738 738 qua-

535 760 712 838 dam,
746 761 972 823 innato
1003 764 1236 823 contra
1263 757 1562 840 pericula
1604 757 1909 839 ipsorum
1941 755 2403 819 medicamine.
2496 756 2568 820 N
2571 759 2737 822 asci-

537 870 643 926 tur
671 864 740 925 in
771 861 1083 925 Arabia.²
2607 859 2624 875 “

623 977 946 1025 xxxvii.
992 961 1212 1037 Viret,
1242 966 1310 1023 et
1340 978 1527 1041 saepe
1567 957 1928 1022 translucet
1956 959 2195 1041 iaspiS,
2228 959 2436 1022 etiam·
2463 959 2526 1022 si
2557 961 2742 1025 victa

537 1084 577 1128 a
607 1065 860 1140 multiS,
883 1061 1303 1145 antiquitatis
1326 1066 1542 1126 tamen
1577 1060 1850 1139 gloriam
1882 1062 2194 1123 retinens.
2285 1061 2616 1124 Plurimae
2644 1062 2741 1126 se·

534 1171 688 1228 runt
716 1184 867 1228 eam
898 1173 1166 1245 gentes:
1212 1156 1607 1241 smaragdo*
1652 1159 1933 1224 similem
1979 1161 2167 1224 Indi:
2211 1161 2479 1245 Cypros
2505 1162 2739 1226 duram

533 1247 914 1348 glaucoque
970 1264 1202 1347 pingui
1222 1258 1278 1327 :¹
1325 1261 1554 1325 Persae
1609 1259 1755 1324 aeri
1818 1261 2137 1326 similem:
2185 1263 2274 1326 ob
2334 1263 2403 1327 id
2454 1271 2742 1329 vocatur

496 1367 900 1431 ‘aerizusass‘
988 1366 1179 1429 Talis
1223 1374 1291 1428 et
1335 1364 1584 1446 Caspia
1625 1370 1772 1427 est:
1818 1363 2135 1443 coerulea,
2190 1364 2373 1429 circa
2417 1365 2739 1430 Thermo-

532 1468 799 1533 dontem
825 1478 844 1508 ¹
908 1487 1206 1533 amnem:
1252 1468 1319 1530 in
1367 1464 1683 1549 Phrygia,
1734 1484 2107 1548 purpurea:
2150 1468 2221 1530 in
2268 1465 2741 1551 cappadocia,

532 1589 619 1633 ex
647 1588 948 1653 purpura
977 1556 1297 1646 coerulea',
1329 1575 1539 1651 atque
1571 1586 1706 1631 non
1727 1566 2080 1647 refulgens.
2166 1566 2451 1632 Amisos
2477 1576 2503 1605 ²
2553 1570 2741 1635 Indi-

534 1692 636 1735 cae
666 1670 949 1734 similem
980 1670 1201 1743 mittit,
1233 1669 1622 1734 Calchedon
1672 1667 2024 1732 turbidam.
2112 1670 2248 1734 Sed
2282 1672 2507 1735 minus
2544 1673 2741 1737 refert

534 1774 868 1848 nationes,'
900 1790 1098 1855 quam
1127 1770 1489 1848 bonitateS,
1522 1771 1949 1851 distinguere.
2034 1771 2311 1854 Optima
2356 1793 2540 1854 ergo,
2591 1794 2738 1857 quae

533 1892 848 1956 purpurae
872 1875 1235 1955 quicquam
1258 1872 1501 1936 habet:
1550 1870 1865 1949 secunda,
1890 1892 2041 1954 quae
2064 1891 2240 1937 rosae
2268 1894 2282 1932 ε
2330 1874 2555 1953 tertia,
2588 1880 2746 1958 quae‘

534 1975 887 2057 smaragdi.
976 1972 1274 2055 Singulis
1308 1981 1534 2037 autem
1567 1973 1796 2037 Graeci
1841 1974 2112 2038 nomina
2160 1994 2249 2037 ex
2302 1983 2736 2056 argumento¹¹

533 2076 803 2140 dedere.
893 2073 1156 2150 Quarta
1203 2073 1387 2156 apud
1435 2092 1557 2137 eos
1588 2080 1869 2137 vocatur
1916 2074 2195 2150 Borea,⁰
2238 2077 2419 2139 coelo
2476 2087 2753 2141 autum-¹.

532 2178 667 2241 nali
695 2177 1013 2240 matutino
1042 2176 1280 2239 similis
1301 2196 1317 2241 t
1341 2183 1409 2240 et
1435 2175 1731 2240 haec'erit
1751 2175 1893 2249 illa,
1919 2195 2073 2258 quae
2099 2183 2376 2241 vocatur
2397 2176 2730 2244 aerizusa.

534 2279 788 2343 Similis
817 2284 919 2342 est
946 2283 1019 2344 et
1039 2278 1278 2355 sardae,
1309 2277 1573 2343 imitata
1620 2285 1689 2341 et
1722 2277 1989 2341 violas:¹
2011 2285 2030 2324 ³
2125 2279 2287 2343 Non
2319 2279 2540 2342 minus
2570 2283 2731 2344 mul·

531 2387 620 2445 tae
651 2381 910 2463 species
957 2379 1251 2463 reliq'uae,
1293 2379 1409 2443 sed
1437 2399 1665 2444 omnes
1694 2380 1764 2442 in
1809 2379 1975 2443 vitio
2006 2380 2341 2457 coeruleae,
2394 2386 2517 2444 aut
2555 2401 2729 2464 crys-

531 2482 702 2546 tallo
732 2481 1007 2558 simileS,
1033 2492 1147 2546 aut
1174 2482 1448 2565 myxis?
1537 2479 1708 2544 Item
1739 2480 2314 2560 terebinthizusa,‘¹
2358 2481 2726 2566 improprio

596 2663 620 2686 ⁸
653 2656 747 2705 Est
769 2661 815 2705 et
838 2671 942 2719 quoe
961 2657 1112 2705 violas
1132 2656 1371 2709 imitatur.

1446 2767 1808 2791 “tecente“

596 2865 730 2914 cn.
760 2876 959 2912 xxxvi.
1027 2869 1052 2912 1
1091 2863 1320 2913 Gronov.
1344 2870 1398 2913 et
1418 2864 1487 2913 al.
1510 2869 1633 2913 aute
1661 2864 1916 2915 Harduin.
1949 2867 2148 2930 spissim
2168 2868 2344 2930 virens,
2365 2883 2394 2915 a
2425 2868 2583 2917 colore
2616 2869 2724 2916 nal·

528 2943 618 2977 vae.
685 2928 817 2976 Vide
855 2928 918 2976 ad
958 2942 1073 2989 cap.
1112 2928 1433 2989 praeced.—2
1478 2929 1564 2978 lta
1602 2929 1757 2979 codd.
1800 2932 2054 2980 Harduini
2091 2941 2146 2982 et
2186 2934 2375 2982 Dalec.
2407 2931 2725 2981 medicamine.
2802 2974 2810 2981 .

533 2992 673 3042 Viret
694 2993 919 3042 Gronov.
943 3000 998 3041 et
1020 2992 1091 3040 al:
1109 2997 1228 3040 ante
1254 2992 1512 3042 Harduin.
1536 2993 1752 3057 omissis,
1775 2995 2010 3045 Nascitur
2031 2997 2082 3046 in
2107 2998 2305 3046 Arabia.

593 3056 727 3106 CAP.
757 3070 978 3105 xxxvii.
1048 3060 1075 3105 1
1116 3057 1257 3106 Libri
1283 3056 1536 3106 hactenus
1560 3059 1707 3120 editi,
1738 3060 2173 3110 Thermodoontem.
2242 3060 2322 3110 Cf.
2344 3060 2486 3110 Plin.
2511 3073 2586 3108 vr.
2607 3063 2655 3108 4.
2676 3065 2727 3109 et

527 3133 605 3171 xi.
632 3124 708 3168 19.
777 3120 1031 3170 Videndae
1058 3121 1207 3171 Varr.
1231 3121 1402 3171 Lectt.
1426 3122 1491 3171 ad
1519 3123 1666 3172 Curt.
1692 3137 1770 3174 vr.
1793 3131 1841 3174 ὅ.
1865 3129 2047 3175 24.-2
2085 3126 2288 3174 Thracia
2317 3126 2445 3176 Vet.
2476 3125 2725 3174 Delon.—

1518 3266 1737 3319 NOTAE

524 3368 572 3414 7.
639 3363 847 3424 Μολόχη
865 3365 945 3412 vel
971 3362 1171 3425 μαλάχη
1192 3364 1394 3414 malvam
1412 3369 1581 3414 sonat.
1625 3386 1636 3392 ·
1662 3365 1850 3414 manius
1873 3366 2153 3422 existimat,
2191 3367 2244 3415 in
2278 3366 2442 3415 Solin.
2469 3379 2593 3429 pag.
2613 3370 2723 3415 202.

525 3439 667 3488 Hinc
689 3438 1016 3487 Molochinus
1038 3439 1182 3488 color
1198 3440 1332 3501 apud
1356 3439 1580 3494 Nonium
1663 3447 1872 3490 secutus
1901 3441 2216 3503 Agricolam.
2285 3441 2594 3491 Dioscoridi
2629 3444 2723 3492 loc.

525 3527 645 3564 xvt.
665 3518 716 3563 2.
797 3514 865 3562 Et
888 3514 1240 3562 molochinarii
1264 3514 1398 3578 apud
1423 3513 1579 3561 Plau-
1663 3516 1755 3565 cit.
1776 3524 1855 3566 est
1883 3517 2042 3567 ἴασπις
2064 3516 2270 3581 δωρίζων.

524 3599 651 3646 tum,
687 3598 747 3641 ut
777 3588 996 3639 diximus
1021 3604 1142 3639 xxi.
1163 3594 1246 3639 22.
1315 3589 1447 3639 Vide
1474 3591 1581 3640 No·
1726 3600 1751 3625 ¹¹
1785 3593 1993 3642 Nomina
2046 3609 2108 3644 ex
2150 3594 2457 3656 argumento]
2516 3596 2720 3658 Nempe

523 3675 602 3719 tas
624 3678 680 3718 et
701 3668 921 3718 Emend.
944 3684 1084 3719 num.
1111 3673 1194 3717 17.
1662 3667 2029 3733 πορφυρίζοντας
2058 3666 2282 3723 ἲάστιδος,
2303 3668 2592 3732 βαδίζοντος,
2612 3687 2724 3731 σμα-

580 3744 599 3788 i
637 3745 705 3793 Et
746 3743 1026 3805 infantium]
1097 3744 1297 3792 Solinus
1342 3757 1458 3806 cap.
1500 3747 1581 3794 38.
1659 3743 1979 3809 μηδίζοντας.

522 3835 642 3883 pag.
662 3825 743 3870 63.
765 3828 819 3870 et
840 3820 1076 3869 Marbod.
1107 3819 1173 3867 de
1209 3818 1395 3881 Lepid.
1432 3820 1581 3869 Pret.
1724 3827 1749 3852 ⁰
1782 3818 1970 3882 Borea]
2001 3817 2181 3882 Βόρειος
2196 3819 2624 3882 septemtrionalem
2645 3834 2717 3869 so-

524 3910 640 3958 cap.
664 3900 743 3944 44.
1660 3902 1770 3944 nat.

584 3968 611 4002 ¹⁸
664 3969 950 4031 smaragdo]
992 3967 1180 4018 'Iao-ras
1234 3968 1578 4034 σμαραγδίζων,
1721 3980 1746 4014 ι»
1777 3970 1879 4021 Aa!
1902 3970 2083 4034 myxis]
2118 3970 2199 4018 De
2220 3969 2389 4034 myxis
2403 3969 2612 4033 egimus
2630 3981 2718 4021 xv:

522 4045 810 4094 Dioscoridi
834 4059 888 4094 v.
915 4048 1036 4094 160.
1658 4053 1738 4098 12.
1763 4056 1818 4098 et
1842 4052 1921 4097 13.
1977 4047 2187 4095 Frustra
2212 4052 2333 4096 sunt
2354 4047 2444 4109 qui
2467 4050 2620 4096 macie
2639 4048 2716 4096 liic

602 4119 614 4151 ¹
637 4121 904 4183 Glaucoque
920 4121 1114 4183 pingui]
1144 4121 1318 4171 Saturi
1343 4122 1546 4172 colori».
1657 4129 1936 4186 reponunt,
1969 4136 2084 4171 cum
2108 4121 2363 4170 Salmasio
2385 4124 2438 4170 in
2466 4123 2712 4187 solinum,

583 4206 621 4232 ¹¹¹
652 4196 905 4258 Aeriam]
955 4196 1238 4260 Ἀερίζουσα.
1275 4199 1424 4248 Hanc
1462 4213 1575 4248 esse
1657 4213 1776 4261 pag.
1801 4202 1915 4247 181.
1934 4210 2084 4261 quum
2105 4210 2286 4246 vocem
2309 4209 2530 4246 numero
2549 4198 2711 4247 multi-

522 4285 671 4338 quam
692 4271 1027 4322 Turchesiam
1051 4275 1211 4322 nostri
1236 4283 1440 4339 vocem,
1461 4275 1572 4324 Sal·
1656 4274 1869 4336 tudinis,
1890 4287 1985 4337 pro
2004 4272 2194 4336 pituiaea
2212 4271 2341 4328 nani,
2362 4284 2618 4337 nusquam
2634 4288 2709 4322 me
