3000 4917
2341 375 2517 442 4767

394 545 500 594 m.
542 527 776 595 Graeci
833 550 873 595 e
930 529 1224 613 lapide¹¹²
1266 531 1461 607 duro,
1517 538 1639 598 aut
1694 532 1930 598 silice¹
2003 539 2315 618 aequato‘
2358 554 2486 601 con

299 637 568 696 struunt
598 630 811 696 veluti
853 632 1186 698 lateritios
1225 633 1543 716 parietes.
1631 633 1802 699 Cum
1833 635 1932 700 ita
1961 636 2258 714 fecerint,
2288 637 2521 704 isodo-

296 753 460 797 mon
493 739 790 797 vocant¹²
833 753 1040 815 genus
1083 739 1460 800 structurae.
1550 736 1647 800 At
1673 757 1832 802 cum
1859 739 2177 821 inaequali
2203 740 2520 806 crassitu-

296 835 455 899 dine
476 840 728 901 structa
751 843 963 914 sunt‚²
988 837 1586 918 pseudisodomon.
1632 839 1935 903 Tertium
1960 844 2064 904 est
2086 840 2517 922 emplecton,⁰

296 939 772 1005 tantummodo
818 939 1145 1004 frontibus
1194 940 1481 1023 politis:
1524 941 1785 1027 reliqua
1829 942 2105 1008 fortuito
2155 942 2516 1020 collocant,

295 1038 618 1106 Alternus
641 1049 669 1089 Ρ
713 1042 1338 1123 coagmentationes
1386 1041 1557 1118 fieri,
1606 1053 1683 1109 ut
1730 1044 2201 1110 commissuras
2252 1049 2515 1111 antece-
2556 1115 2570 1127 ,

297 1142 608 1207 dentium
668 1141 872 1207 medii
935 1143 1244 1226 lapides³
1313 1144 1691 1222 obtineant,
1760 1146 2218 1211 necessarium
2285 1153 2387 1212 est
2445 1147 2513 1211 in

294 1245 530 1310 medio
565 1263 841 1327 quoque
882 1246 1160 1328 pariete,
1205 1246 1265 1310 si
1305 1265 1409 1309 res
1455 1248 1751 1329 patitur:
1798 1247 1857 1311 si
1900 1248 2149 1325 minuS,
2183 1249 2422 1332 utique
2470 1267 2513 1313 a

295 1347 648 1412 lateribus·
738 1346 1010 1412 Medios
1034 1353 1064 1395 4
1105 1349 1400 1430 parietes
1429 1347 1672 1414 farcire
1703 1350 1940 1415 fractis
1972 1352 2339 1426 caementi5‚
2370 1350 2515 1418 dia-

270 1450 544 1514 .micton
577 1455 867 1513 vocant.q
956 1447 1352 1513 Reticulata
1373 1456 1396 1483 f
1438 1456 1795 1528 structura,
1820 1470 1958 1535 qua
1986 1450 2510 1533 frequentissime

297 1551 547 1617 Romae
595 1556 876 1626 struunt,
921 1550 1106 1614 rimis
1139 1557 1523 1634 opportuna
1551 1559 1706 1616 est-⁵
1797 1553 2208 1617 Structuram
2243 1552 2332 1617 ad
2363 1572 2509 1619 nor-

292 1663 472 1716 mam
496 1659 517 1687 ⁸
560 1659 632 1715 et
683 1651 978 1716 libellam
1031 1649 1197 1730 fieri,
1243 1659 1314 1717 et
1364 1653 1454 1717 ad
1507 1653 2058 1737 perpendiculum
2101 1655 2509 1738 respondere

296 1758 590 1838 oportet.

859 386 1040 436 ΝΑΤ.
1085 386 1282 436 msr.
1330 386 1477 437 ms.
1524 385 1816 438 xxxv1.
1858 373 1966 438 51.

352 1909 386 1944 ε
418 1902 638 1967 AEqmlis
654 1903 992 1954 crassitudinis
1005 1919 1061 1954 aa
1081 1890 1375 1954 maaian.

1199 2030 1570 2059 mmmm

319 2175 332 2188 ⁸
357 2113 493 2163 cn.
515 2126 588 2164 m.
658 2118 685 2163 l
720 2114 807 2164 Its
830 2114 981 2165 codd.
1004 2114 1280 2176 Harduini,
1304 2129 1417 2164 cum
1442 2113 1564 2163 edd.
1582 2112 1842 2164 Harduin.
1867 2117 1913 2162 1.
1937 2116 1984 2161 2.
2010 2117 2056 2162 3.
2080 2118 2134 2160 et
2157 2115 2381 2159 recentt.
2430 2108 2509 2158 vel

286 2179 427 2227 salice
462 2178 581 2227 cod.
614 2179 791 2231 Dslec.
858 2195 916 2229 ac
947 2181 1082 2229 silice
1123 2180 1360 2229 Gronov.
1387 2186 1444 2229 et
1483 2180 1756 2240 vulgg.-2
1790 2179 1914 2227 Vet-
1950 2178 2133 2227 Dalec.
2168 2175 2341 2223 structi
2374 2179 2505 2222 sunt.

286 2245 389 2318 —53
423 2244 544 2292 Vet.
575 2244 758 2292 Dalec.
794 2244 1170 2294 antecedentium
1206 2244 1417 2306 lapidum
1465 2244 1612 2291 medii
1650 2245 1937 2291 laterem-4
1969 2243 2093 2291 Vet.
2132 2240 2320 2288 Dalcc.
2341 2242 2391 2287 et
2410 2251 2507 2285 me-

287 2306 487 2355 dam—5
526 2307 612 2355 Ita
635 2307 893 2357 Harduin.
921 2313 967 2358 1.
989 2313 1038 2358 2.
1067 2312 1116 2358 3.
1140 2316 1194 2356 et
1217 2314 1437 2357 recentt.
1472 2307 1815 2370 Dictyotheron
1850 2310 2017 2356 vocant
2035 2303 2333 2354 reticulatam
2352 2307 2506 2352 struo·

251 2392 256 2398 ·
288 2374 469 2435 turam,
489 2387 626 2434 quam
647 2371 698 2432 s.
726 2373 790 2422 R.
807 2388 848 2424 s.
875 2373 1012 2422 rimis
1033 2379 1341 2437 opportunam
1365 2372 1604 2422 Gronov.
1627 2378 1685 2421 et
1706 2372 1879 2434 vulgg.

1291 2501 1512 2553 NOTAE

355 2612 393 2638 ¹¹
430 2604 596 2653 (ἔπεσί
639 2619 665 2653 e
706 2603 888 2669 lapide]
958 2602 1091 2653 Hoec
1136 2602 1383 2653 totidem·
1434 2600 1721 2652 minoribus
1757 2599 2070 2655 inseruntur,
2108 2594 2310 2647 vicibus
2344 2594 2504 2645 alter-

287 2680 469 2729 verbis
490 2680 758 2730 Vitruvius
784 2693 848 2729 u.
868 2683 915 2730 8.
937 2694 990 2742 p.
1015 2683 1097 2728 28.

353 2764 379 2790 ¹²
413 2757 664 2806 Isodomon
706 2755 898 2818 vocant]
950 2753 1206 2816 Ἰσόδομον,
1240 2768 1357 2804 cum

286 2846 465 2880 omnes
499 2831 727 2893 hpidum
763 2830 970 2880 ordines
1008 2830 1060 2877 in
1097 2835 1361 2878 structura

285 2906 518 2969 aquales
543 2914 695 2955 sunt:
723 2919 840 2954 curn
854 2918 976 2954 vero
994 2910 1114 2952 suut
1131 2904 1358 2967 inaequa·

287 2980 383 3041 les,
425 2980 504 3030 ita
548 2986 606 3028 ut
651 2993 830 3028 versus
873 2976 1091 3027 inferior
1133 2977 1361 3040 exempli

285 3069 447 3105 causa
464 3056 532 3105 sit
550 3055 780 3119 lapidum
795 3053 1251 3118 sesquipedaliurn,
1266 3067 1358 3116 pe·

287 3131 484 3182 dulium
506 3145 631 3181 vero
670 3130 924 3195 superior,
946 3135 1070 3179 tunc
1091 3125 1356 3191 ψευδισόδο-

284 3224 377 3268 μον
399 3207 584 3259 Graeci
607 3214 816 3257 vocant.

346 3293 376 3318 ⁰
413 3283 628 3334 Tertium
663 3289 737 3335 est
765 3283 1045 3347 emplecton]
1087 3280 1356 3331 Vitruvius

283 3361 386 3411 loc.
410 3357 507 3411 cit.
556 3362 575 3389 ‘
595 3359 782 3410 Altera
796 3365 1059 3410 structura
1078 3366 1178 3419 est,
1201 3370 1357 3421 quam

284 3437 562 3497 ἔμπλεκτον
578 3436 866 3500 appellant,
889 3451 992 3500 qua
1008 3435 1164 3483 etiam
1189 3430 1356 3482 nostri

282 3513 470 3563 rustici
494 3518 747 3562 utunturt
783 3526 897 3562 cum
933 3509 1134 3561 frontes
1161 3510 1355 3573 poliun-

287 3595 394 3650 tur,
418 3589 639 3652 reliqua,
658 3589 733 3639 ita
747 3595 806 3638 ut
823 3595 942 3637 suut
960 3592 1102 3650 nata,
1117 3600 1235 3636 cum
1254 3598 1357 3633 ma·

283 3666 424 3714 teria
448 3666 723 3726 collocata,
745 3664 959 3714 alternis
976 3662 1191 3725 alligant
1204 3674 1359 3724 coag—

285 3740 498 3790 mentis.
535 3739 642 3790 Sed
664 3739 831 3789 nostri
864 3736 1125 3787 celeritati
1147 3735 1359 3785 studen-

286 3823 386 3878 tes,
419 3821 601 3865 erecta
636 3814 777 3863 coria
813 3815 1070 3869 locantes,
1092 3809 1356 3860 frontibus

287 3891 545 3953 serviunt,
564 3896 622 3939 et
644 3890 699 3939 in
722 3889 892 3939 medio
932 3886 1158 3937 farciunt
1175 3916 1190 3933 .
1211 3919 1225 3936 .
1239 3916 1255 3932 .
1271 3884 1359 3935 Ita

285 3972 394 4018 tres
416 3965 746 4016 suscitantur
765 3966 817 4014 in
847 3970 1110 4014 structura
1132 3969 1321 4012 crustae
1343 3979 1356 4009 ε

289 4041 406 4092 duae
448 4041 720 4104 frontium,
760 4047 821 4091 et
857 4054 963 4090 una
1006 4038 1179 4089 media
1216 4037 1356 4088 farc-

290 4115 460 4166 tnrael

206 4184 215 4191 ’
351 4199 378 4233 Ρ
411 4189 666 4253 Alternus]
713 4192 850 4242 Tum
879 4190 1011 4240 fiunt
1034 4192 1249 4240 alternoe
1273 4205 1358 4241 co·

289 4268 725 4333 agmentationes,
746 4283 866 4320 cum
901 4267 1125 4331 majores
1154 4266 1358 4332 lapides

1442 2677 1546 2726 nis.

1501 2760 1527 2795 ‘1
1562 2750 1841 2801 Diamicton
1871 2748 2062 2812 vocant]
2107 2745 2200 2797 Διὰ
2218 2748 2411 2808 amar,
2436 2745 2503 2796 ob

1440 2827 1693 2884 immixta,
1729 2827 1839 2877 sive
1885 2827 2082 2890 injecta
2127 2825 2265 2872 inter
2305 2821 2502 2871 medios

1439 2902 1669 2967 parietes
1689 2908 1954 2955 caementa.
2007 2899 2142 2949 Vide
2166 2899 2337 2948 Notas
2361 2904 2414 2947 et
2437 2899 2504 2947 E·

1439 2978 1615 3028 mend.
1639 2992 1777 3027 num.
1794 2983 1879 3028 27.

1504 3060 1525 3087 ¹·
1558 3053 1857 3116 Retio-alata]
1893 3051 2253 3101 Reticulatum
2277 3063 2408 3114 opus
2426 3049 2503 3098 di·

1440 3131 1600 3193 citur,
1621 3145 1736 3180 cum
1759 3130 1961 3194 lapides
1983 3130 2036 3178 in
2073 3127 2325 3192 quadrum
2349 3126 2502 3184 secti,

1436 3222 1542 3257 non
1552 3208 1811 3271 jacentes,
1831 3206 1922 3256 sed
1943 3207 1995 3254 in
2019 3206 2155 3254 latus
2178 3209 2377 3254 stantes
2394 3204 2502 3251 col-

1437 3285 1690 3345 locantur,
1711 3284 1878 3333 instar
1907 3281 2240 3332 scutarisrum
2266 3278 2502 3328 tessella-

1437 3374 1571 3416 tum,
1594 3375 1651 3408 en
1670 3360 1876 3420 losange.
1933 3356 2113 3407 Nostri
2139 3361 2343 3410 vocant,
2365 3354 2502 3402 Mas·

1436 3435 1649 3485 sonnerie
1681 3432 1881 3482 maillde.
1930 3430 2196 3480 Vitruvius
2218 3443 2281 3478 ιι.
2303 3433 2350 3478 8.
2376 3442 2500 3492 pag.

1438 3515 1520 3561 27.
1554 3513 1570 3539 ‘
1587 3511 1976 3560 Structurarum
2004 3520 2197 3570 genera
2220 3505 2501 3555 sunthaec.

1438 3587 1816 3648 Reticulstum,
1849 3599 1952 3648 quo
1974 3597 2111 3633 nunc
2135 3595 2314 3631 omnes
2346 3586 2499 3630 utun-

1439 3669 1546 3724 tur,
1565 3667 1621 3712 et
1641 3658 1929 3725 antiquum,
1952 3659 2090 3724 quod
2126 3657 2382 3706 incertum
2421 3653 2499 3702 di·

1441 3736 1600 3789 citur.
1653 3736 1735 3785 Ex
1753 3736 1832 3784 his
1852 3732 2118 3784 venustius
2140 3737 2222 3780 est
2255 3729 2499 3779 reticula-

1438 3817 1579 3861 tumz
1619 3809 1709 3860 sed
1740 3809 1808 3858 ad
1849 3808 2022 3858 ruinas
2056 3807 2147 3871 (an
2174 3803 2388 3868 ήηιαεῖ)
2421 3803 2497 3854 fa-

1437 3885 1646 3935 ciendas
1669 3884 1789 3934 ideo
1811 3888 2065 3946 paratum,
2089 3879 2295 3946 quodin
2318 3882 2496 3930 omnes

1437 3967 1614 4024 partes
1657 3958 1908 4009 dissoluta
1950 3956 2111 4007 habet
2153 3956 2398 4006 cubicula
2440 3964 2498 4006 et

1439 4032 1787 4098 coagmenta!

1500 4119 1521 4144 ⁸
1552 4111 1858 4160 Structuram
1894 4109 1956 4158 ad
1991 4107 2226 4172 normam]
2282 4107 2496 4162 Norms,

1439 4188 1685 4252 l’bquerre.
1731 4187 1949 4249 Libello,
1966 4189 2008 4238 le
2028 4187 2213 4237 niveas.
2262 4186 2495 4249 Perpen-

1440 4264 1690 4330 diculum,
1708 4267 1752 4315 le
1766 4262 1939 4329 plomb.
