3000 4917
496 372 669 437 4968

496 529 795 579 Thalemet
820 528 1116 596 Lycurgum
1140 529 1297 578 fuisse
1321 530 1457 579 viros
1479 535 1578 578 sa-‘

405 641 410 644 -
499 608 724 671 pientes,
744 608 823 655 vel
844 616 901 656 ut
924 614 1135 667 possent
1158 609 1295 668 leges
1315 606 1559 663 condere,

500 690 556 731 et
582 690 847 746 praecepta
871 677 1234 744 Philosophiae,
1258 683 1398 731 clare
1431 682 1561 730 indi-

500 768 587 808 cat
629 759 797 808 Plaut.
831 760 882 807 in
924 758 1225 808 Bacchidib.
1274 760 1289 787 ‘
1314 759 1445 807 Nam
1488 759 1563 805 ita

501 851 583 885 me
624 838 706 885 Dii
748 844 939 897 ament,
983 839 1064 885 vel
1112 838 1398 901 Lycurgus,
1442 837 1562 884 milii

502 912 710 975 quidem
747 921 802 961 ut
828 905 1057 971 videtur,
1080 919 1258 974 posset
1279 911 1362 960 hic
1382 911 1445 959 ad
1473 926 1562 959 ne-

503 990 720 1053 quitiam
789 989 1071 1038 adducier.’
1167 989 1248 1039 Ac
1319 1004 1557 1038 rursum:

501 1066 515 1091 ‘
536 1065 702 1115 Qut-m
718 1080 812 1127 ego
830 1080 1015 1128 sapere
1035 1066 1193 1115 nimio
1216 1068 1393 1115 censui
1411 1082 1562 1131 quam

501 1141 747 1190 Thalem!
779 1143 932 1190 Idem.

569 1215 644 1265 Ac
664 1218 787 1265 situs
809 1220 1010 1266 lucorum
1030 1224 1076 1267 et
1111 1219 1236 1266 vicos
1261 1220 1562 1283 populorum]

503 1294 649 1355 Lego
683 1294 810 1341 risus
850 1296 1138 1357 populorum,
1180 1309 1278 1342 non
1315 1295 1440 1342 vicos
1481 1310 1562 1357 po-

498 1372 733 1431 pulorum,
757 1385 818 1418 ex
848 1372 1041 1430 scripta
1066 1371 1301 1419 lectione.
1362 1372 1565 1419 Recen-

502 1448 661 1494 tiores
684 1447 928 1508 astrologi
945 1446 1304 1495 diversitatem
1327 1454 1566 1509 aspectus

503 1524 785 1585 appellant.
821 1524 1099 1572 Pintiauus.

570 1599 798 1662 Pindari]
851 1599 1112 1647 Pindarus
1164 1599 1216 1647 in
1262 1600 1464 1648 cantico
1496 1599 1565 1648 de

504 1673 663 1721 radiis
686 1672 818 1721 Solis
848 1672 1172 1722 obscuratis.
1222 1673 1441 1735 Πολέμου
1473 1676 1513 1724 δ’
1531 1675 1564 1734 ἡ

504 1751 635 1809 σῖιμοι
649 1749 806 1812 φέρεις
818 1747 990 1810 τινὺ3,*
994 1756 1033 1798 Η
1047 1752 1241 1813 νιφετοῦ
1251 1751 1450 1801 σθένος
1430 1752 1562 1816 υπέρ-
1566 1791 1585 1812 ,

509 1834 682 1887 φατον,
718 1824 951 1873 Κενέωσιν
984 1825 1073 1874 ἀνὰ
1107 1825 1288 1881 πέδον,
1291 1826 1462 1877 ’Τδατι
1483 1828 1562 1889 ζα·

511 1899 637 1961 eid-rep
667 1900 829 1962 διερόν·
862 1900 1061 1964 Ἀνδρῶν
1081 1900 1200 1951 νέων
1232 1904 1282 1965 ἐξ
1318 1904 1469 1967 ἀρχῆς
1494 1904 1562 1952 ’Ἢ

507 1977 686 2038 καρτοῦ
712 1974 888 2036 φθίσιν,
910 1976 977 2024 *H
1016 1976 1189 2027 στάσιν
1226 1979 1501 2042 οὐλομέναν,
1531 1981 1564 2040 ἡ

505 2050 683 2100 πόντου
708 2050 774 2098 Ἢ
797 2053 1007 2112 παγετὸν
1039 2053 1223 2115 χθονὸς,
1255 2055 1288 2114 ἡ
1314 2056 1470 2105 νότιον
1490 2057 1564 2107 θέο

505 2146 605 2190 ρος,
628 2126 694 2174 Ἢ
716 2130 861 2187 γαῖαν
893 2130 1236 2181 καταλύσασα
1256 2131 1414 2190 θήσεις
1427 2134 1567 2185 Γένος

508 2204 789 2265 δλοφυδνόν.
824 2205 991 2254 Dalec.

521 2305 526 2311 ·
576 2279 772 2343 Crepitu
814 2281 1002 2330 dissono
1047 2285 1334 2347 auxiliante]
1406 2285 1564 2335 Ovid.

505 2358 601 2405 liac
626 2356 690 2405 de
717 2371 802 2406 re:
848 2359 863 2385 ‘
881 2360 956 2407 Te
982 2375 1204 2425 quoque,
1225 2364 1567 2423 Luna‚tralio,

508 2432 743 2496 quoniam
768 2435 1039 2485 Temesaea
1069 2436 1270 2486 labores
1305 2439 1425 2487 AEra
1452 2448 1566 2488 tuos

508 2510 773 2559 minuant!

506 2586 521 2611 ‘
550 2585 929 2647 Campanorum
977 2587 1230 2637 imbellem
1277 2591 1567 2639 multitudi-

506 2674 621 2707 nem
648 2675 762 2709 cum
789 2662 904 2710 aeris
942 2663 1166 2726 crepitu,
1200 2665 1364 2728 qualis
1400 2667 1450 2714 in
1476 2665 1567 2715 de-

506 2735 647 2785 fectu
682 2738 844 2787 Lunae
880 2738 1051 2788 silenti
1086 2747 1240 2790 nocte
1266 2741 1377 2790 fieri
1415 2744 1567 2798 solet,

506 2813 783 2861 clamorem
823 2812 1085 2864 edidisse.’
1152 2815 1450 2867 Alexander
1472 2834 1567 2882 pu·

506 2895 586 2937 tat
626 2889 701 2937 sic
747 2889 883 2952 abigi
916 2904 1102 2953 pravos
1139 2891 1421 2954 daemones,
1456 2903 1566 2945 tum

506 2962 709 3013 feroces
731 2971 786 3014 et
809 2967 1139 3029 insultantes,
1161 2983 1277 3018 cum
1297 2972 1398 3020 vim
1422 2987 1565 3021 suam

503 3041 556 3087 in
582 3047 746 3090 terras
783 3042 1030 3092 deficiens
1074 3045 1212 3094 sidus
1248 3060 1348 3096 non
1392 3056 1567 3110 potest

504 3117 700 3165 homiui
721 3119 1001 3169 salutarem
1026 3121 1254 3183 mittere,
1284 3132 1339 3171 et
1362 3124 1566 3174 illorum

506 3194 808 3243 cohibendae
826 3195 1111 3247 insolentiae
1128 3196 1410 3250 efficacem.
1438 3203 1563 3251 Cre-

508 3268 640 3318 didit
684 3270 842 3319 etiam
879 3270 1099 3334 simplex
1140 3275 1421 3340 antiquitas
1464 3280 1562 3327 Lu-

507 3358 624 3392 nam
663 3345 731 3395 de
776 3348 907 3395 coelo
947 3349 996 3396 in
1045 3357 1205 3399 terras
1248 3354 1563 3404 carminibus

506 3421 640 3469 trahi
665 3436 812 3482 posse
833 3438 847 3471 ε
883 3437 980 3472 nec
1004 3439 1105 3474 non
1130 3426 1421 3490 depressam
1447 3431 1563 3493 cogi

506 3494 558 3543 in
594 3495 779 3544 herbas
802 3498 1035 3546 subditas
1060 3515 1288 3562 spumam
1327 3503 1382 3553 ‘et
1422 3498 1580 3556 virus'

507 3568 793 3634 effundere,
815 3573 1002 3636 quibus
1020 3575 1083 3623 ad
1122 3577 1322 3639 magica
1342 3579 1565 3630 foelicius

509 3655 738 3697 utantur.
804 3653 819 3679 ‘
841 3650 1164 3713 Despumare
1233 3655 1447 3704 Lunam’
1511 3659 1562 3707 id

509 3724 646 3774 dixit
668 3725 827 3788 Apul.
856 3724 998 3774 Asini
1041 3729 1182 3777 aurei
1206 3730 1293 3778 lib.
1318 3744 1356 3779 1.
1400 3733 1563 3782 Luca·

508 3814 601 3848 nus
627 3800 715 3849 lib.
741 3815 818 3849 vl.
850 3802 946 3850 ‘Et
973 3805 1171 3865 patitur
1194 3813 1349 3854 cantu
1388 3813 1563 3858 tantos

511 3875 757 3939 depressa
786 3878 1007 3944 labores,
1052 3882 1231 3930 Donec
1267 3886 1562 3946 suppositas

509 3953 723 4014 propior
754 3953 1028 4017 despumet
1043 3957 1094 4006 in
1119 3958 1320 4008 herbas.
1327 3960 1341 3979 ’
1428 3962 1563 4011 Haec

512 4028 683 4074 omnia
703 4042 1046 4080 commentum
1087 4034 1400 4096 Aglaonicae,
1422 4036 1562 4101 Age·

509 4103 637 4151 toris
663 4102 799 4166 filiae,
821 4105 1125 4171 Astrologioe
1152 4113 1354 4175 peritae,
1378 4112 1560 4178 fuisse,

512 4177 783 4228 pintan-,cu
837 4182 904 4229 de
949 4183 1286 4236 Oraculorum
1333 4187 1560 4239 Defectu

510 4262 692 4303 auctor
714 4262 807 4305 est.
877 4257 1010 4308 Vide
1044 4275 1157 4325 quae
1180 4278 1339 4327 supra
1362 4280 1409 4315 c.
1433 4270 1484 4315 9.
1506 4266 1559 4315 in

843 2512 1020 2561 Livius
1054 2512 1142 2561 lib.
1169 2527 1333 2563 xxvr.
1367 2516 1585 2579 scribitn

1191 385 1407 435 No'rAE
1457 385 1865 437 VARtoRUM
1918 389 1991 437 ΙΝ

1641 529 1797 578 verbo
1843 530 1860 558 ⁴
1896 529 2176 592 laborare‚’
2218 533 2608 595 annotavimus,
2645 542 2696 584 et

1638 604 1901 653 Cleomed.
1928 606 2070 669 Cycl.
2093 606 2180 656 lib.
2201 620 2264 656 11.
2291 623 2341 668 p.
2365 612 2481 657 520.
2517 610 2667 657 Idem.

1703 681 1876 730 Nicias
1894 680 2258 732 Atheniensium
2289 684 2574 748 imperator]
2613 684 2700 732 Ni·

1636 758 1743 806 cias
1779 757 2127 820 Atheniensis,
2167 761 2338 809 clarus
2375 761 2575 824 alioqui
2611 762 2699 809 im·

1637 840 1867 896 perator,
1892 834 1982 882 sed
2008 834 2225 890 tardior,
2247 849 2310 883 ac
2332 835 2521 883 nimius
2545 850 2697 885 cunc-

1637 912 1795 972 tator,
1811 909 1861 956 in
1882 923 2035 971 quem
2054 910 2151 959 hoc
2167 908 2544 959 facetissimum
2565 909 2701 959 Aris-

1640 985 1877 1048 tophanis
1899 986 2171 1036 dicterium
2191 1003 2204 1035 t
2224 986 2303 1036 καὶ
2318 986 2416 1046 μὴν
2433 986 2503 1047 μὰ
2521 985 2610 1035 τὸν
2630 989 2701 1035 Δι’

1638 1061 1750 1122 οὐχὶ
1782 1061 2030 1124 νυστάζειν
2062 1061 2132 1111 ἔτι
2151 1062 2257 1127 ‘op'
2284 1064 2421 1113 ἐστὶν
2441 1064 2574 1124 ἡμῖν,
2594 1064 2699 1112 οὐδὲ

1635 1143 1964 1205 μελλονικιᾷν.
2031 1141 2163 1190 Vide
2194 1141 2470 1191 Plutarch.
2508 1142 2559 1188 in
2594 1142 2700 1203 ejus

1637 1217 1779 1265 Vita.
1814 1216 1966 1264 Idem.
2108 1222 2117 1230 ·

1656 1301 1682 1314 ··
1704 1292 1991 1354 Arg-umenti
2011 1298 2272 1355 repertores
2289 1308 2380 1355 quo
2409 1292 2539 1341 Deos
2558 1292 2703 1340 homi·

1637 1384 1807 1431 aesque
1849 1368 2057 1432 vicistis]
2095 1369 2397 1429 Legendum
2440 1383 2564 1417 reor
2604 1383 2699 1417 non

1637 1444 1843 1504 vicistis,
1876 1444 1966 1493 sed
2000 1445 2253 1493 vinxistis.-
2287 1445 2384 1493 hoc
2424 1452 2523 1499 est,
2561 1445 2703 1493 colli·

1640 1520 1821 1580 gustis,
1840 1526 1894 1568 et
1920 1519 2055 1581 paris
2078 1517 2188 1568 fere
2212 1519 2533 1568 conditionis
2555 1517 2724 1583 fecis-j

1639 1593 1724 1643 tis.
1750 1594 2037 1644 Pincianus.

1802 1671 1938 1719 Cn».
1968 1683 2094 1719 xm.
2158 1671 2237 1720 De
2259 1669 2543 1727 affectibus.

1708 1746 1938 1795 Omnibus
1971 1750 2128 1795 autem
2164 1747 2327 1811 anuis]
2376 1746 2488 1796 Aut
2529 1754 2706 1796 textus

1637 1822 1736 1872 ltoc
1774 1823 1886 1871 loco
1925 1821 2207 1872 mendosus
2221 1831 2320 1887 est,
2353 1831 2448 1871 aut
2479 1823 2705 1888 aliquem

1638 1905 1903 1947 auctorem
1966 1908 2174 1947 secutus
2219 1904 2300 1947 est
2351 1897 2579 1954 Plinius,
2620 1899 2705 1961 qni

1639 1966 1903 2036 eclipsium
1960 1974 2216 2023 rationem
2262 1987 2365 2023 nou
2421 1974 2705 2023 intellexit.

1642 2051 1776 2099 Nam
1799 2051 2077 2099 horizontis
2115 2049 2317 2099 diversa
2341 2043 2541 2114 positio
2561 2051 2709 2112 nihil,

1639 2133 1728 2175 aut
1745 2125 2019 2175 admodum
2039 2126 2312 2190 parum,ad
2331 2128 2606 2190 eclipsium
2626 2142 2705 2175 ra·

1638 2203 1805 2252 tiones
1842 2203 2101 2266 pertinet:
2137 2212 2191 2252 et
2227 2205 2437 2253 omnino
2470 2205 2587 2253 lnaec
2625 2218 2706 2252 res

1639 2279 1831 2328 nullam
1874 2278 2033 2327 habet
2076 2279 2347 2339 rationem,
2385 2287 2445 2328 ut
2488 2281 2707 2343 singulis

1643 2355 1784 2403 annis
1813 2355 2033 2419 eclipses
2067 2355 2162 2404 sub
2194 2362 2332 2404 terra
2355 2356 2506 2419 fiant,
2524 2365 2582 2405 et
2605 2370 2707 2406 non

1642 2432 1798 2480 etiam
1839 2433 2050 2494 singulis
2096 2432 2241 2480 annis
2284 2446 2444 2496 supra
2490 2440 2706 2482 terram.

1648 2509 1814 2557 Dalec.

1705 2584 1806 2633 Sea
1847 2584 1906 2632 ab
1948 2584 2058 2632 aliis
2090 2588 2231 2647 atque
2271 2584 2384 2633 aliis
2420 2585 2509 2632 Ιιοο
2547 2582 2704 2644 cerui]

1642 2661 1799 2723 Lege,
1835 2659 1933 2708 Sed
1951 2659 2012 2707 ab
2030 2661 2142 2708 aliis
2162 2662 2247 2708 Ιιοσ
2268 2660 2416 2708 cerui.
2480 2660 2705 2723 Reliqua

1641 2735 1913 2800 demenda,
1973 2751 2039 2784 ex
2112 2737 2340 2801 antiquis
2414 2737 2703 2787 codicibus.

1640 2813 1862 2862 Pintian.

1708 2890 1848 2938 Nunc
1866 2889 1928 2938 ab
1942 2904 2139 2947 occasus,
2148 2893 2288 2953 parte
2303 2891 2389 2939 Ιιοο
2404 2891 2453 2938 ei
2472 2892 2707 2954 accidere,

1637 2981 1761 3015 nuuc
1802 2966 1864 3015 ab
1909 2972 2121 3029 exortus,
2162 2973 2210 3015 et
2246 2982 2451 3029 quanam
2491 2968 2706 3029 ratione]

1639 3042 2064 3091 Commutandum
2093 3050 2220 3105 puto
2255 3044 2421 3091 locum
2456 3043 2706 3106 conjunc-

1639 3118 1795 3168 tionis
1821 3124 1904 3178 είς
1939 3119 2336 3182 legendumque,
2373 3120 2445 3166 Et
2480 3134 2608 3167 nunc
2647 3118 2709 3166 ab

1637 3210 1825 3244 occasus
1850 3202 1990 3258 parte
2026 3194 2111 3242 1ιοο
2147 3195 2192 3244 οἱ
2229 3194 2458 3250 accidere,
2495 3210 2625 3244 nuuc
2645 3196 2707 3243 ab

1636 3276 1842 3321 exortus.
1913 3272 2131 3326 Quanam
2150 3270 2353 3320 ratione.
2388 3271 2560 3319 Idem.

1788 3348 1922 3397 CAP.
1948 3361 2066 3396 xxv.
2132 3348 2213 3397 De
2232 3348 2384 3396 Lunoe
2404 3354 2558 3396 motu.

1701 3424 1902 3483 Lucere,
1934 3422 2042 3485 εγω]
2092 3422 2275 3471 Lucere
2329 3423 2592 3472 dodrantes
2631 3438 2705 3472 se·
2770 3413 2777 3422 ’

1636 3501 1843 3549 mancias
1875 3500 2182 3560 est‚,lucere
2220 3506 2329 3548 tres
2370 3500 2523 3548 nnius
2563 3500 2703 3550 horoe

1638 3583 1870 3640 quartas,
1908 3581 1964 3623 et
1999 3573 2211 3637 insuper
2233 3574 2470 3637 ejusdem
2496 3584 2703 3638 partem

1636 3652 1931 3701 vicesimam
1955 3660 2220 3715 quartam;
2245 3659 2302 3700 ut
2317 3652 2556 3714 explicat
2568 3652 2703 3701 Bud.

1639 3730 1704 3778 de
1741 3726 1870 3777 Asse
1909 3726 2001 3778 tib.
2040 3741 2080 3775 1.
2126 3723 2137 3732 '
2160 3726 2402 3775 Secundo
2439 3728 2525 3776 die
2565 3729 2704 3778 lucet

1638 3807 1935 3856 dextantem
1976 3811 2033 3853 et.
2074 3803 2293 3852 silicium
2334 3803 2477 3853 horae
2517 3805 2702 3853 unius:

1638 3880 1981 3930 infra.xxx11.
2007 3881 2087 3927 18.
2121 3878 2288 3928 Dalec.

1704 3957 1810 4012 Quo
1829 3957 2106 4015 argumento
2135 3953 2352 4015 amplior.
2378 3955 2487 4017 ξω]
2521 3956 2664 4018 Lege
2684 3972 2699 4005 ι

1640 4035 1744 4089 Quo
1770 4035 2050 4093 argumento
2082 4029 2282 4092 amplior
2314 4031 2584 4079 errantium
2612 4047 2702 4080 σιε-

1636 4115 1848 4158 terarum
1881 4120 2018 4170 quam
2042 4107 2170 4153 luna·
2200 4106 2482 4165 magnitudo
2514 4106 2701 4169 colligi·

1636 4195 1750 4248 ner,-
1782 4201 1903 4248 non,
1945 4185 2206 4234 errantium
2238 4181 2522 4234 stellarum:
2581 4200 2697 4234 nam

1634 4266 1756 4314 l'una
1778 4264 1935 4315 etiam
1958 4276 2057 4311 una
2095 4274 2161 4310 ex
2198 4261 2513 4324 errantibus,
2539 4270 2595 4311 et
2625 4276 2698 4311 er-
