3000 4917
473 381 651 446 4436

476 539 680 606 diano
723 537 988 614 tribus‚⁸
1031 542 1104 601 nt
1150 535 1504 614 diximus‚¹²
1546 536 1950 618 easdemque
2004 536 2392 600 subvertere
2449 532 2714 618 Syllae*

471 639 768 703 introitu.
2315 653 2321 662 ·

560 757 736 804 xm.
781 736 1172 805 pedestres*
1202 739 1348 806 sine
1383 739 1593 804 dnbio
1631 739 1876 804 Romae
1919 738 2103 803 fuere
2145 739 2218 803 in
2253 738 2666 802 auctoritate

468 843 670 924 longo
709 851 1026 924 tempore.
1115 840 1537 924 Equestrium
1586 846 1804 905 tamen
1855 841 2046 922 origo
2096 859 2415 922 perquam
2464 847 2668 904 vetus

470 950 597 1019 est,
644 963 797 1007 cum
847 942 1137 1007 foeminis
1193 944 1397 1006 etiam
1451 942 1697 1005 honore
1770 942 2283 1006 communicatu.
2352 940 2663 1009 ,cloeliae

467 1042 676 1109 enimj
707 1049 929 1109 statua
956 1049 1057 1108 est
1082 1045 1438 1127 equestriS,
1455 1063 1580 1108 ceu
1603 1063 1845 1126 parum
1873 1055 2054 1136 esset
2082 1051 2242 1125 toga
2267 1062 2416 1107 eam
2442 1042 2625 1124 cingi
2642 1062 2664 1107 t

468 1163 620 1210 cum
670 1145 1033 1222 Lucretiae,
1082 1164 1163 1211 ac
1214 1147 1448 1221 Bruto,
1501 1147 1617 1229 qui
1674 1147 2072 1229 expulerant
2118 1166 2329 1227 regeS,
2384 1148 2666 1226 propter

467 1254 639 1327 quos
666 1245 908 1310 Cloelia
936 1248 1103 1311 inter
1132 1247 1402 1311 obsides
1433 1246 1672 1323 fuerat,
1701 1266 1829 1310 non
1861 1248 2374 1311 decernerentur.
2453 1245 2663 1310 Hanc

450 1345 744 1427 primam
794 1365 947 1409 cum
986 1346 1266 1414 Coclitis
1286 1358 1305 1385 ¹
1329 1343 1354 1381 ¹¹
1387 1346 1652 1430 publice
1693 1346 1977 1412 dicatam
2010 1347 2438 1412 crediderim:
2484 1344 2668 1409 Atto

465 1443 674 1510 enim¹
706 1466 789 1512 ac
817 1448 1101 1531 Sibyuae
1128 1448 1589 1532 Tarquinium,
1634 1455 1700 1513 et
1741 1468 1928 1532 reges
1970 1450 2099 1514 sibi
2125 1452 2318 1533 ipsos
2348 1447 2670 1531 posuisse

1205 396 1269 442 (ἴ.
1316 387 1561 443 emnil
1612 394 1941 443 saeuum

1375 1611 1403 1631 O
1407 1611 1466 1631 Oe
1470 1611 1558 1631 ”O
1562 1611 1742 1632 ‘0000‘

458 1712 688 1771 statuere,
720 1724 837 1771 quas
871 1725 984 1759 mox
1019 1711 1363 1769 laceraverunt,
1393 1713 1601 1760 nondum
1632 1727 1751 1760 uano
1789 1712 1841 1761 h.
1880 1726 1927 1761 ιι.
1960 1714 2013 1760 d.
2046 1712 2313 1760 excedente.
2370 1709 2665 1757 Statuerat

462 1771 694 1821 Gronov.
714 1780 769 1822 et
795 1775 965 1836 vulgg.
1018 1789 1134 1837 quos
1151 1790 1261 1823 mox
1281 1776 1544 1825 lacinacere
1564 1777 1710 1825 malit
1735 1776 1854 1825 Nic.
1876 1775 2122 1825 Heinsius
2150 1775 2368 1823 Advers.
2395 1788 2443 1836 p.
2463 1776 2546 1823 42.

527 1837 660 1885 Cu».
683 1848 811 1886 xm.
879 1843 902 1886 1
943 1838 1027 1887 Ita
1047 1852 1111 1886 ex
1134 1839 1288 1888 codd.
1317 1839 1614 1889 Harduiuus
1635 1848 1690 1890 et
1722 1846 1948 1888 receutt.
2006 1840 2164 1895 Quum
2189 1852 2274 1888 nee
2294 1838 2554 1896 Lucretioe,
2575 1850 2663 1885 nee

460 1898 617 1949 Bruto
634 1903 961 1951 decerneretur
983 1934 997 1949 .
1019 1934 1034 1950 .
1060 1936 1073 1950 .
1099 1938 1114 1954 .
1138 1903 1281 1951 Hauc
1295 1905 1501 1966 primam
1532 1912 1580 1954 et
1605 1905 1809 1953 Horatii
1830 1903 2030 1953 Coclitis
2051 1904 2172 1954 edd.
2197 1910 2326 1953 vett.
2348 1911 2402 1951 et
2427 1901 2661 1950 Groro.

1454 2050 1506 2100 N
1511 2049 1670 2101 0¹1¹AE

456 2168 538 2205 ιι.
555 2163 610 2204 et
626 2155 869 2206 La'e‘rtius
887 2158 936 2206 iu
955 2159 1226 2209 'Demetrio
1248 2159 1336 2210 lib.
1350 2176 1404 2210 v.
1425 2162 1520 2211 de·

447 2231 644 2295 jectas,
666 2230 1018 2296 ‘conflatasque
1055 2235 1200 2283 aiunt
1223 2236 1275 2284 in
1298 2236 1518 2286 matulas

455 2314 510 2356 et
533 2306 859 2356 obscoeniora
881 2322 1019 2359 vasa.

518 2392 545 2427 s
582 2384 776 2448 Tribus]
809 2386 1052 2436 Romanae
1077 2386 1259 2438 tribus.

517 2456 542 2490 ¹·
582 2458 652 2507 Ut
671 2458 902 2523 diximus]
940 2461 1055 2510 Lib.
1080 2475 1301 2511 xxxin·
1328 2478 1376 2512 c.
1398 2468 1480 2513 46.

519 2533 535 2565 ¹
559 2533 841 2597 Pedestres]
891 2536 1098 2585 Romuli
1122 2544 1309 2588 statuae
1333 2540 1516 2603 pedes-

452 2613 559 2656 tres
581 2622 779 2669 omnes,
802 2609 968 2674 iuquit
990 2610 1303 2662 Plutarchus
1324 2614 1376 2662 in
1400 2614 1514 2677 ejus

446 2682 498 2730 ,v
501 2683 595 2747 ita,
618 2698 671 2746 p.
690 2687 773 2732 27.

513 2756 533 2801 ³
565 2759 744 2808 cloetiae
777 2758 926 2823 minu]
961 2759 1113 2809 Hanc
1149 2762 1377 2825 equestri
1411 2768 1517 2812 sta-

449 2841 543 2883 tua
595 2833 857 2893 donatam,
916 2835 1242 2899 positamque
1293 2852 1407 2887 eam
1462 2838 1516 2888 iu

450 2924 650 2959 summa
688 2912 849 2961 Sacra
884 2912 1006 2973 Via,
1027 2927 1131 2977 qua
1164 2914 1218 2962 in
1253 2914 1515 2963 Palatium

446 2985 848 3051 ascendebatur,
888 2988 1063 3038 Livius
1105 2995 1184 3039 est
1221 2996 1425 3051 auctor,
1449 3002 1513 3040 ιι.

448 3065 532 3111 26.
581 3062 783 3112 Seneca
805 3063 871 3112 de
906 3065 1114 3114 Consol.
1156 3064 1222 3114 ad
1262 3065 1515 3116 Marciam

447 3149 495 3185 c.
524 3138 604 3184 16.
633 3152 687 3200 p.
703 3140 820 3186 774.
855 3144 870 3167 ⁸
889 3138 1134 3202 Equestri
1159 3139 1387 3191 insidens
1408 3147 1516 3191 sta·

450 3217 576 3271 tuae,
607 3212 674 3260 in.
696 3212 859 3262 Sacra
888 3214 988 3269 via,
1014 3214 1359 3266 celeberrimo
1381 3218 1515 3281 loco,

448 3286 634 3336 Cloelia
672 3286 955 3352 exprobrat
997 3289 1279 3352 juvenibus
1325 3294 1515 3342 nostris

448 3363 716 3426 pulvinum
757 3364 1174 3430 ascendentibus,
1204 3367 1254 3415 iu
1295 3381 1360 3416 ea
1395 3369 1512 3418 illos

447 3438 576 3488 urbe
600 3439 677 3488 sic
700 3439 926 3503 ingredi,
966 3441 1018 3490 in
1041 3457 1143 3507 qua
1165 3443 1321 3494 etiam
1343 3443 1515 3493 foemi-

443 3526 537 3562 nas
562 3527 698 3579 equo
721 3514 1057 3567 donavimus-³
1120 3517 1316 3566 Datam
1341 3518 1389 3566 ei
1412 3526 1514 3568 sta·

445 3598 587 3641 tuam
628 3600 920 3657 equestrem
963 3593 1206 3644 Valerius
1248 3594 1513 3646 Maximus

446 3667 751 3731 arbitratur,
775 3679 862 3718 nr.
896 3672 944 3717 2.
978 3671 1029 3717 2.
1060 3671 1304 3733 quoniam
1341 3678 1355 3701 ‘
1376 3672 1514 3721 iuter

445 3748 651 3793 ceteras
675 3744 897 3807 virgines
918 3743 1070 3793 obses
1094 3744 1229 3794 hosti
1262 3745 1511 3797 Porseuae

445 3817 591 3879 data,
640 3825 897 3868 nocturno
943 3827 1180 3883 tempore
1224 3823 1510 3874 custodiam

444 3904 672 3956 egressa,
695 3909 881 3958 equum
903 3895 1226 3958 conscendit,
1249 3899 1510 3964 celerique

445 3969 670 4031 trajectu
703 3967 948 4032 fluminis,
970 3985 1073 4020 nou
1098 3972 1260 4020 solum
1285 3973 1507 4023 obsidio·

444 4055 529 4099 ue,
567 4046 658 4094 sed
697 4046 856 4095 etiam
896 4053 1036 4096 metu
1060 4048 1298 4110 patriam
1336 4049 1512 4111 puella

442 4120 615 4186 solvit,
636 4121 760 4171 viris
786 4122 958 4172 lumen
987 4123 1188 4172 virtutis
1224 4120 1506 4199 praeferen-

445 4194 550 4243 do.'
810 4209 819 4212 ’

1662 2160 1685 2195 ¹³
1721 2164 1840 2212 Cum
1865 2162 2083 2226 Coclitis]
2120 2161 2206 2210 Ita
2228 2160 2363 2223 Reg.
2389 2162 2439 2209 2.
2478 2164 2531 2207 et
2555 2158 2664 2207 alii.

1593 2239 1679 2287 De
1734 2253 1798 2287 ea
1851 2239 2103 2302 superius,
2146 2252 2263 2300 cap.
2311 2237 2496 2285 11.-‘
2527 2236 2664 2284 Cum

1594 2313 1844 2364 Lucretia
1876 2321 2047 2363 autem
2083 2315 2231 2362 simul
2270 2319 2325 2361 et
2360 2312 2558 2359 Brutus
2580 2305 2664 2359 di-

1591 2396 1772 2438 cantnr
1814 2389 2076 2451 expulisse
2116 2402 2285 2451 reges,
2319 2385 2494 2436 fictam
2540 2386 2662 2435 binc

1591 2478 1706 2513 esse
1739 2464 1929 2513 discito
1963 2462 2210 2519 fabulam,
2244 2479 2276 2512 a
2308 2462 2458 2510 Livio
2483 2461 2663 2524 prodi-

1592 2545 1718 2601 tam,
1741 2539 1807 2588 de
1832 2539 2093 2593 Lucretia,
2117 2552 2231 2602 quae
2267 2550 2323 2585 se
2357 2534 2426 2585 ob
2457 2536 2663 2585 illatum

1591 2612 1691 2661 sibi
1713 2619 1954 2676 stuprum
1993 2626 2022 2660 a
2053 2610 2338 2675 Tarquinio
2369 2608 2474 2659 filio
2508 2622 2662 2673 pere-

1590 2688 1779 2736 merit-⁹
1810 2688 1904 2736 Ed.
1926 2701 2022 2735 sec.

1653 2759 1669 2795 ¹
1699 2760 1821 2809 Atto
1841 2761 1990 2824 euim]
2026 2758 2158 2809 Atto
2180 2757 2351 2809 Navio
2376 2758 2575 2821 auguri,
2593 2758 2664 2809 de

1590 2850 1762 2899 quoc-
1784 2839 1864 2885 11.
1931 2836 2066 2900 Typi
2088 2836 2361 2898 hacteuus,
2388 2839 2501 2883 onte
2532 2834 2663 2884 euim

1588 2913 1756 2961 sibiae
1774 2912 1992 2977 Sibylla,
2006 2910 2173 2975 &e.—‘
2192 2912 2286 2960 Est
2308 2917 2587 2974 argenteus
2606 2911 2662 2960 iu

1588 2987 1851 3035 Thesauro
1894 2987 2061 3049 Regio
2117 3000 2371 3049 nummus,
2416 2992 2472 3035 et
2517 2984 2663 3049 apud

1591 3061 1768 3111 Patin.
1802 3063 1854 3110 iu
1889 3060 2086 3110 familia
2107 3061 2328 3123 Manlia,
2351 3075 2404 3124 p.
2429 3064 2543 3110 164.
2568 3076 2660 3111 ca-

1592 3138 1703 3201 pite
1740 3139 1931 3187 cirrato
1969 3138 2243 3199 muli‘ebri3
2276 3136 2413 3187 iufra
2449 3148 2663 3192 summ..

1591 3212 1679 3278 .)(.
1745 3214 1957 3277 Tripus,
1993 3228 2151 3277 super
2186 3229 2285 3279 quo
2330 3229 2515 3263 urceus
2557 3221 2663 3275 est,

1589 3289 1790 3350 insigne
1827 3289 2124 3349 sacerdotii,
2160 3292 2294 3339 iuter
2332 3292 2468 3340 soles
2506 3291 2662 3356 duos,

1589 3364 1774 3427 quibus
1820 3364 2076 3428 imperare
2123 3366 2290 3415 Roma
2329 3364 2661 3429 significatur

1588 3438 1797 3490 Orienti
1832 3449 1889 3490 et
1923 3438 2220 3491 occidenti.
2290 3455 2340 3492 1..
2372 3454 2662 3494 ‘roum'mu

1587 3518 1821 3565 '111erst
1841 3516 2032 3565 Lucius
2053 3516 2347 3581 Torquatus
2366 3517 2666 3582 Triumvir,'

1587 3599 1641 3639 et
1663 3590 1798 3640 idem
1821 3592 2063 3641 sacerdos
2079 3591 2358 3655 Apollinis.
2392 3593 2455 3642 In
2474 3601 2661 3643 nostro

1587 3680 1782 3716 corona
1816 3669 1992 3717 laurea
2030 3681 2132 3716 non
2178 3674 2337 3730 caput
2384 3668 2660 3734 muliebre,

1585 3743 1681 3793 sed
1738 3744 1953 3793 alteram
2009 3743 2202 3793 nummi
2248 3758 2423 3794 aream
2469 3745 2659 3809 cingit.

1585 3822 1688 3873 Qui
1705 3820 1950 3884 Sibyllam
1974 3822 2057 3869 hic
2081 3820 2223 3885 pingi
2244 3828 2449 3884 putant,
2467 3835 2659 3885 magno

1584 3897 1849 3946 ducuntur
1882 3911 2077 3946 errore.
2149 3898 2285 3946 Nam
2324 3897 2366 3944 si
2401 3896 2658 3961 Sibyllam

1585 3971 1745 4020 vellet
1786 3971 2109 4021 Mouetarius
2162 3972 2399 4035 intelligi,
2442 3987 2537 4021 cur
2582 3986 2659 4023 sr-

1589 4057 1759 4095 nvm..
1805 4053 2006 4096 tautum
2050 4047 2322 4109 scriberet,
2368 4062 2473 4096 uon
2519 4050 2657 4099 iute-

1590 4135 1736 4185 grum
1758 4133 1943 4171 nomeu
1973 4125 2243 4174 simtu?
2289 4123 2657 4187 Operosumne

1590 4199 1638 4248 ei
1656 4197 1758 4248 fuit
1780 4199 1982 4250 literam
2004 4214 2041 4249 Α
2064 4208 2376 4265 postremam
2397 4199 2660 4264 adjicere?
