3000 4917
852 402 1025 455 ΝΑΤ.
1074 403 1272 453 nis'r.
1326 404 1469 453 ma.
1519 401 1777 454 xxxv·
1820 389 1933 455 36.
2304 390 2482 456 4605

277 567 360 612 ea
408 554 551 613 arte
581 545 903 614 velocior.
987 548 1297 613 Tradunt
1324 568 1609 632 namque
1649 549 2048 613 conduxisse
2078 548 2477 630 pingendum

282 652 373 713 ab
404 646 784 714 Aristrato⁸
818 649 1287 733 Sicyoniorum
1317 655 1622 734 tyranno,
1658 650 1840 733 quod
1871 651 1931 715 is
1952 658 2002 700 ¹⁷
2031 650 2322 714 faciebat
2349 651 2483 715 Te-

277 751 438 814 lesti
478 749 754 833 poetae}
795 759 1312 828 monumentum,
1345 751 1683 834 praefinito
1726 751 1855 829 dic,
1886 752 2061 816 intra
2090 771 2289 834 quem
2335 771 2483 834 per·

282 857 624 932 ageretur:
672 871 799 916 nec
847 852 1052 916 multo
1101 858 1252 917 ante
1292 854 1572 928 venisse,
1618 857 1893 936 tyranno
1939 854 2009 917 in
2057 872 2324 935 poenam
2371 872 2483 916 ac·

281 972 486 1016 censo
521 972 539 1017 :
605 954 982 1035 paucisque
1048 953 1282 1017 diebus
1349 952 1753 1031 absolvisse,
1812 955 2154 1018 celeritate
2217 961 2288 1018 et
2343 961 2484 1018 arte

281 1055 532 1119 mira.¹⁸
637 1056 1030 1138 Discipulos
1076 1054 1307 1120 habuit
1353 1052 1727 1119 Aristidem
1772 1055 2058 1131 fratrem,
2103 1060 2172 1120 et
2223 1057 2486 1121 Aristo-

281 1156 456 1219 clem
500 1156 733 1234 filium,
761 1164 834 1220 et
870 1156 1309 1220 Philoxenum
1340 1157 1747 1237 Eretriam,¹⁹
1785 1159 1980 1242 cujus
2007 1158 2241 1223 tabula
2282 1158 2486 1222 nullis

278 1258 729 1339 postferenda,
792 1244 1219 1323 Cassandro¹¹
1280 1258 1416 1339 regi
1473 1258 1679 1340 picta,
1737 1259 2065 1324 continuit
2121 1256 2486 1323 Alexandri

278 1359 589 1441 praelium
633 1379 786 1424 cum
838 1360 1077 1425 Dario.
1168 1359 1356 1423 Idem
1387 1359 1610 1443 pinxit
1638 1361 2041 1437 lasciviam,¹·
2082 1360 2151 1424 iu
2184 1379 2321 1442 qua
2348 1368 2486 1424 tres

281 1460 541 1525 Sileni*
586 1466 1117 1555 comessantur.²0
1205 1461 1346 1526 Hic
1385 1462 1797 1531 celeritatem
1832 1464 2261 1545 praeceptoris
2292 1481 2483 1525 secu·

280 1568 410 1638 tus,
444 1563 790 1628 breviores
813 1565 1170 1628 etiamnum
1203 1563 1529 1646 quasdam
1560 1565 1843 1646 picturae
1872 1564 2410 1648 compendiarias
2432 1567 2484 1599 ²¹

283 1664 554 1728 invenit.

366 1764 869 1830 Annumeratur
889 1767 993 1829 his
1016 1773 1088 1830 et
1114 1766 1558 1850 Nicophanes
1584 1768 1853 1850 elegans
1883 1772 1950 1831 et
1974 1769 2361 1843 concinnuS,
2388 1768 2487 1831 ita

279 1871 353 1929 ut
372 1872 431 1902 ²²
477 1876 830 1933 venustate
871 1870 994 1933 eiW
1034 1869 1236 1952 pauci
1277 1875 1763 1951 comparentur.
1851 1868 2234 1934 cothurnus
2270 1870 2379 1932 ei¹
2423 1874 2490 1932 et

277 1969 578 2049 gravitas
608 1972 793 2035 artis.
886 1971 1182 2035 Multum
1212 1990 1252 2034 a
1284 1970 1591 2036 Zeuxide
1620 1977 1687 2035 et
1714 1970 1960 2053 Apelle
2004 1972 2199 2036 abest
2227 1967 2488 2052 Apellis

280 2068 657 2154 discipulus
708 2071 1023 2151 PerseuS,
1057 2073 1145 2137 ad
1192 2071 1505 2155 quemde
1535 2073 1665 2139 hac
1696 2078 1835 2137 arte
1867 2072 2170 2156 scripsit.
2261 2071 2488 2156 Hujus

339 2194 371 2228 P
406 2187 646 2237 Lascivioe
665 2203 723 2237 ac
739 2190 959 2239 mollitiei
977 2190 1252 2254 imaginem.

279 2368 344 2414 16
358 2364 644 2414 Juventutis
661 2364 1028 2416 Gronov—17
1066 2366 1199 2417 Cod.
1217 2368 1399 2419 Dalec.
1433 2368 1713 2416 conductam
1734 2381 1841 2416 eam
1856 2366 1916 2416 ab
1931 2366 2090 2416 Arist.
2113 2364 2165 2414 S.
2186 2369 2404 2427 tyranno,
2426 2367 2492 2413 ad

275 2429 568 2492 pingendum
591 2431 713 2492 quod
734 2430 797 2486 is.
817 2432 1033 2491 &ea—18
1067 2433 1198 2481 Cod.
1225 2434 1405 2482 Dalec.
1424 2431 1667 2481 celeritate
1686 2432 1959 2480 mira.—-l9
1992 2430 2122 2480 Cod.
2151 2430 2331 2478 Dalec.
2362 2434 2408 2477 et
2427 2442 2490 2478 ex

279 2494 406 2557 Pylo
435 2509 596 2542 senem
628 2495 1076 2545 Demetrium—20
1111 2497 1240 2545 Cod.
1275 2498 1462 2546 Dalec.
1499 2501 1599 2544 tres
1631 2495 1837 2544 conviaae
1870 2495 2332 2544 comessantium-21
2368 2500 2383 2522 ⁸
2401 2491 2491 2541 Ita

280 2557 417 2606 bene
442 2558 602 2608 codd.
628 2558 796 2622 Regg.
832 2569 884 2609 et
916 2559 1090 2609 Editio
1115 2562 1376 2623 princeps.
1445 2560 1591 2609 Male
1631 2560 1961 2608 emendatum
2000 2559 2052 2607 iu
2089 2557 2490 2615 recentioribus,

279 2624 509 2684 quasdam
541 2623 746 2684 pictura.»
774 2625 877 2674 vias
911 2629 960 2672 et
999 2626 1387 2688 compendiarias.
1455 2624 1856 2685 Compendiaria
1896 2623 2221 2673 substantive
2259 2622 2324 2670 ab
2357 2622 2490 2670 anti-

282 2688 400 2749 quis
426 2688 795 2749 usurpabatur,
822 2695 880 2736 ut
914 2687 1092 2738 videre
1127 2696 1206 2739 est
1243 2689 1380 2750 apud
1419 2688 1725 2745 Varronem,
1749 2688 2000 2737 Senecam
2028 2688 2197 2749 Epist.
2225 2700 2409 2735 xxvii.
2435 2693 2490 2733 et

176 2782 185 2789 -
281 2750 588 2800 Petronium
617 2752 670 2799 in
693 2751 824 2800 Sat!
857 2753 1204 2803 Brotier.—-22
1237 2754 1589 2803 Annumeratus
1610 2753 1703 2809 his,
1745 2756 1828 2813 ξε.
1862 2754 2125 2802 concinnus.
2196 2751 2312 2800 Fuit
2332 2755 2491 2798 autem

282 2819 337 2862 ut
366 2816 486 2864 cod.
507 2816 695 2865 Dalec.
746 2817 1002 2866 concinnus
1017 2818 1146 2879 fait,
1168 2818 1239 2866 ita
1260 2824 1313 2867 at
1339 2818 1464 2867 Vet.
1499 2818 1680 2866 Dalec.
1733 2817 1805 2866 ita
1825 2823 1881 2866 ut
1901 2821 2084 2866 vetusta
2103 2829 2244 2877 opera
2273 2815 2492 2877 pingeret

278 2884 476 2943 propter
497 2881 817 2930 eternitatem
846 2896 1025 2945 rerum,
1049 2882 1299 2947 impetuosi
1319 2882 1486 2938 animi,
1511 2887 1560 2932 et
1589 2882 1668 2930 cai
1696 2882 1838 2945 pauci
1869 2890 2196 2944 comparentur
2218 2880 2337 2928 edd.
2361 2886 2492 2928 vett.

283 3022 404 3104 num
449 3056 646 3105 caudas
692 3064 844 3106 utero
886 3058 1158 3108 commissa
1201 2977 1388 3123 lupljf)
1393 2975 1667 3116 ΤΣΑεΞιληνοὶ,
1691 3063 1824 3107 teste
1846 3055 2100 3106 Strabone
2120 3052 2209 3102 lib.
2234 3066 2289 3102 x.
2310 3067 2360 3114 p.
2375 3056 2491 3103 468.

287 3130 438 3181 rum?
1430 3135 1640 3184 Nomen
1685 3133 1875 3183 babere
1921 3148 1952 3181 a
1996 3132 2173 3180 Sileno
2211 3129 2489 3192 Nysion-um

344 3214 365 3239 ⁸
394 3205 476 3255 Ab
517 3208 788 3272 Aristrato]
844 3208 898 3258 Is
955 3223 1068 3259 aevo
1113 3210 1348 3273 Philippi
1430 3223 1572 3272 rege,
1608 3209 1695 3272 qui
1731 3207 2011 3257 subsidium
2049 3205 2255 3255 Baccho
2290 3204 2492 3266 tulerit,

284 3282 433 3331 vixit.
503 3284 737 3334 Pinxere
772 3300 889 3334 eum
930 3285 1208 3336 Melanthii
1244 3287 1347 3335 dis·

285 3359 466 3422 cipuli,
495 3360 793 3423 triumphali
829 3362 1004 3411 currui
1039 3376 1155 3412 cum
1185 3361 1348 3412 victo·

182 3430 189 3435 ’
284 3434 360 3485 ria
403 3435 731 3493 insidentem,
770 3437 1111 3501 magna'ejus
1153 3438 1346 3488 tabulae

283 3510 547 3567 claritate,
588 3513 673 3562 cui
711 3520 765 3562 et
799 3528 1004 3562 manum
1045 3515 1348 3577 apposuisse

286 3586 504 3650 Apelles
528 3587 744 3639 dicitur.
787 3590 1101 3640 Plutarchus
1117 3592 1168 3643 in
1185 3591 1349 3642 Arato

283 3677 408 3727 pag.
436 3666 586 3717 1022.
1049 3706 1059 3715 .

347 3740 365 3771 ‘
399 3740 580 3788 Telesti
597 3738 773 3802 po‘e’toe]
807 3740 930 3789 Fuit
951 3739 994 3788 is
1012 3740 1348 3807 Selinuntius,

286 3818 345 3862 ut
373 3814 582 3876 opinor,
615 3829 646 3863 e
675 3814 887 3863 Siciliae
922 3815 1176 3865 Poemata
1212 3816 1349 3879 ejus,

1428 3293 1613 3334 auctor
1629 3282 1886 3334 Diodorus
1901 3283 2059 3333 Sicul.
2076 3282 2126 3330 in
2143 3280 2281 3329 Bibl.
2301 3280 2389 3330 lib.
2411 3295 2492 3329 iv.

1431 3360 1574 3414 Hinc
1610 3361 1883 3410 Catullusz
1917 3361 1933 3389 ⁴
1959 3360 2089 3409 Cum
2124 3358 2309 3420 thyaso
2340 3357 2490 3419 Saty-

1430 3443 1687 3495 rorum,e,t
1702 3434 1967 3496 Nisigenis
1989 3433 2214 3483 silenis!
2265 3434 2494 3495 Proper·

1430 3511 1537 3561 tius
1560 3526 1622 3561 ιι.
1643 3515 1724 3560 32.
1756 3513 1772 3540 ‘
1790 3510 2052 3576 Silenique
2076 3524 2246 3567 senes,
2268 3521 2323 3558 et
2345 3516 2493 3573 pater

1429 3588 1543 3652 ipse
1567 3586 1742 3638 chori.’

1493 3674 1528 3700 '¹
1561 3665 1643 3715 Ita
1675 3670 1731 3714 ut
1765 3668 2012 3714 venustate
2047 3659 2118 3722 ei]
2148 3659 2236 3708 Sic
2270 3658 2490 3709 totidem

1429 3742 1585 3802 plane
1628 3741 1864 3805 syllabis,
1911 3751 2007 3787 nec
2063 3735 2315 3799 pluribus,
2361 3734 2490 3787 Mas.

1430 3819 1562 3882 Reg.
1582 3822 1635 3867 2.
1656 3825 1711 3867 et
1737 3816 1988 3867 Pintiani.
2053 3812 2199 3862 Libri
2236 3811 2365 3860 editi
2401 3809 2492 3860 ad·

287 3904 376 3940 seu
398 3887 625 3945 fabulas.
655 3890 835 3939 laudat
861 3889 1144 3942 Atheuaeus
1167 3893 1200 3941 l.
1227 3906 1348 3942 xvi.
1418 3894 1612 3958 jiciuut
1642 3892 1722 3941 his
1752 3892 1935 3945 multa,
1974 3887 2065 3938 sed
2096 3885 2305 3950 spuria:
2339 3887 2413 3934 ita
2438 3890 2494 3934 ut

287 3980 407 4029 pag.
431 3970 547 4015 616.
572 3970 689 4014 617.
713 3974 768 4015 et
788 3971 904 4016 637.

290 4092 297 4099 ,
349 4050 375 4076 ⁸¹
412 4044 705 4108 Cassandro]
720 4044 1044 4094 Macedoniae
1061 4052 1179 4111 post
1192 4045 1348 4096 Alex-

292 4120 507 4170 andrum
533 4122 663 4185 regi.

351 4204 374 4229 v
407 4196 472 4245 Ia
501 4212 593 4260 qua
624 4203 726 4247 tres
760 4197 936 4263 Sileni]
971 4199 1055 4248 Sic
1097 4200 1213 4249 libri
1244 4215 1351 4249 om·

293 4287 401 4324 aes.
435 4273 599 4325 Sileni
623 4273 823 4325 Bacchi
844 4274 1067 4326 ministri
1089 4274 1352 4340 dicuntur,

1427 3976 1616 4020 vetusta
1637 3985 1777 4033 opera
1796 3969 2016 4031 pingeret
2036 3969 2225 4029 propter
2245 3963 2491 4012 aeternita-

1430 4050 1528 4095 tem
1550 4060 1722 4105 rerum,
1745 4041 1993 4105 impetuosi
2009 4040 2177 4104 animi,
2198 4045 2243 4088 et
2262 4041 2339 4089 cui
2351 4038 2494 4102 pauci

1430 4127 1774 4186 comparentur.

1494 4206 1524 4232 ¹
1549 4197 1822 4247 Cottam-nas
1832 4193 1900 4258 ei]
1917 4192 2177 4258 Pingendi
2196 4194 2326 4242 ratio
2341 4205 2492 4257 gran.

1434 4274 1535 4336 dis,
1575 4273 1802 4337 excelsa,
1840 4271 2048 4322 nobilis.
2115 4270 2257 4322 Galli
2291 4268 2492 4330 dicunt,
