<?xml version="1.0" encoding="UTF-8"?>
<!DOCTYPE html PUBLIC "-//W3C//DTD XHTML 1.0 Transitional//EN"
    "http://www.w3.org/TR/xhtml1/DTD/xhtml1-transitional.dtd">
<html xmlns="http://www.w3.org/1999/xhtml" xml:lang="en" lang="en">
 <head>
  <title>
</title>
<meta http-equiv="Content-Type" content="text/html;charset=utf-8" />
  <meta name='ocr-system' content='tesseract 3.04.00' />
  <meta name='ocr-capabilities' content='ocr_page ocr_carea ocr_par ocr_line ocrx_word'/>
</head>
<body>
  <div class='ocr_page' id='page_1' title='image "./cpliniisecundin01valpgoog_0033.png"; bbox 0 0 3000 4917; ppageno 0'>
   <div class='ocr_carea' id='block_1_1' title="bbox 825 394 2486 463">
    <p class='ocr_par' dir='ltr' id='par_1_1' title="bbox 825 394 2486 463">
     <span class='ocr_line' id='line_1_1' title="bbox 825 394 2486 463; baseline 0.002 -6"><span class='ocrx_word' id='word_1_1' title='bbox 825 408 1002 457; x_wconf 72' lang='lat' dir='ltr'><strong>NAr.</strong></span> <span class='ocrx_word' id='word_1_2' title='bbox 1049 407 1251 457; x_wconf 64' lang='lat' dir='ltr'><strong>ms‘r.</strong></span> <span class='ocrx_word' id='word_1_3' title='bbox 1298 408 1446 456; x_wconf 78' lang='lat' dir='ltr'><strong>ms.</strong></span> <span class='ocrx_word' id='word_1_4' title='bbox 1495 406 1785 458; x_wconf 80' lang='lat' dir='ltr'><strong>xxxtv.</strong></span> <span class='ocrx_word' id='word_1_5' title='bbox 1830 394 1938 459; x_wconf 89' lang='grc'><strong>11.</strong></span> <span class='ocrx_word' id='word_1_6' title='bbox 2313 397 2486 463; x_wconf 81' lang='grc'><strong>4431</strong></span> 
     </span>
    </p>
   </div>
   <div class='ocr_carea' id='block_1_2' title="bbox 281 550 2486 1450">
    <p class='ocr_par' dir='ltr' id='par_1_2' title="bbox 287 550 2485 837">
     <span class='ocr_line' id='line_1_2' title="bbox 290 550 2485 639; baseline 0.001 -20"><span class='ocrx_word' id='word_1_7' title='bbox 290 553 528 639; x_wconf 88' lang='lat' dir='ltr'><strong>quibus</strong></span> <span class='ocrx_word' id='word_1_8' title='bbox 558 569 649 617; x_wconf 84' lang='lat' dir='ltr'><strong>ex</strong></span> <span class='ocrx_word' id='word_1_9' title='bbox 686 550 942 617; x_wconf 82' lang='lat' dir='ltr'><strong>foedere</strong></span> <span class='ocrx_word' id='word_1_10' title='bbox 971 554 1198 618; x_wconf 86' lang='lat' dir='ltr'><strong>tertias</strong></span> <span class='ocrx_word' id='word_1_11' title='bbox 1229 553 1478 636; x_wconf 82' lang='lat' dir='ltr'><strong>praedae</strong></span> <span class='ocrx_word' id='word_1_12' title='bbox 1537 553 1890 619; x_wconf 87' lang='lat' dir='ltr'><strong>Romanus</strong></span> <span class='ocrx_word' id='word_1_13' title='bbox 1918 554 2216 638; x_wconf 87' lang='lat' dir='ltr'><strong>populus</strong></span> <span class='ocrx_word' id='word_1_14' title='bbox 2240 560 2266 591; x_wconf 87' lang='lat'>²</span> <span class='ocrx_word' id='word_1_15' title='bbox 2310 571 2485 639; x_wconf 75' lang='lat' dir='ltr'><strong>proe-</strong></span> 
     </span>
     <span class='ocr_line' id='line_1_3' title="bbox 287 653 2484 758; baseline 0.001 -38"><span class='ocrx_word' id='word_1_16' title='bbox 287 658 527 730; x_wconf 85' lang='lat' dir='ltr'><strong>stabat,</strong></span> <span class='ocrx_word' id='word_1_17' title='bbox 558 653 978 737; x_wconf 87' lang='lat' dir='ltr'><strong>eodemque</strong></span> <span class='ocrx_word' id='word_1_18' title='bbox 959 675 1030 718; x_wconf 89' lang='grc' dir='ltr'><strong>ιιι</strong></span> <span class='ocrx_word' id='word_1_19' title='bbox 1068 656 1472 719; x_wconf 80' lang='lat' dir='ltr'><strong>consulatu</strong></span> <span class='ocrx_word' id='word_1_20' title='bbox 1454 675 1526 718; x_wconf 87' lang='grc' dir='ltr'><strong>ιιι</strong></span> <span class='ocrx_word' id='word_1_21' title='bbox 1558 662 1911 758; x_wconf 59' lang='lat' dir='ltr'><strong>suggestus</strong></span> <span class='ocrx_word' id='word_1_22' title='bbox 1955 663 2177 721; x_wconf 87' lang='lat' dir='ltr'><strong>rostra</strong></span> <span class='ocrx_word' id='word_1_23' title='bbox 2206 657 2484 723; x_wconf 84' lang='lat' dir='ltr'><strong>devictis</strong></span> 
     </span>
     <span class='ocr_line' id='line_1_4' title="bbox 287 756 2486 837; baseline 0.001 -17"><span class='ocrx_word' id='word_1_24' title='bbox 287 757 675 820; x_wconf 83' lang='lat' dir='ltr'><strong>Antiatibus</strong></span> <span class='ocrx_word' id='word_1_25' title='bbox 695 756 935 820; x_wconf 88' lang='lat' dir='ltr'><strong>fixerat</strong></span> <span class='ocrx_word' id='word_1_26' title='bbox 955 776 1126 821; x_wconf 91' lang='lat' dir='ltr'><strong>anno</strong></span> <span class='ocrx_word' id='word_1_27' title='bbox 1150 756 1356 820; x_wconf 86' lang='lat' dir='ltr'>Urbis</span> <span class='ocrx_word' id='word_1_28' title='bbox 1379 774 1731 822; x_wconf 75' lang='lat' dir='ltr'><strong>ccccxvi.</strong></span> <span class='ocrx_word' id='word_1_29' title='bbox 1789 759 1961 822; x_wconf 84' lang='lat' dir='ltr'><strong>Item</strong></span> <span class='ocrx_word' id='word_1_30' title='bbox 1982 758 2151 823; x_wconf 86' lang='lat' dir='ltr'><strong>Caio</strong></span> <span class='ocrx_word' id='word_1_31' title='bbox 2172 757 2486 837; x_wconf 81' lang='lat' dir='ltr'><strong>Duillio‚‘¹</strong></span> 
     </span>
    </p>

    <p class='ocr_par' dir='ltr' id='par_1_3' title="bbox 281 845 2486 1450">
     <span class='ocr_line' id='line_1_5' title="bbox 288 845 2485 942; baseline 0.001 -21"><span class='ocrx_word' id='word_1_32' title='bbox 288 859 399 940; x_wconf 90' lang='lat' dir='ltr'><strong>qui</strong></span> <span class='ocrx_word' id='word_1_33' title='bbox 417 858 668 940; x_wconf 89' lang='lat' dir='ltr'><strong>primus</strong></span> <span class='ocrx_word' id='word_1_34' title='bbox 690 859 1004 922; x_wconf 83' lang='lat' dir='ltr'><strong>navalem</strong></span> <span class='ocrx_word' id='word_1_35' title='bbox 1022 845 1420 940; x_wconf 86' lang='lat' dir='ltr'><strong>triumphum</strong></span> <span class='ocrx_word' id='word_1_36' title='bbox 1445 858 1579 940; x_wconf 87' lang='lat' dir='ltr'><strong>egit</strong></span> <span class='ocrx_word' id='word_1_37' title='bbox 1601 858 1682 920; x_wconf 87' lang='lat' dir='ltr'><strong>de</strong></span> <span class='ocrx_word' id='word_1_38' title='bbox 1702 858 1964 935; x_wconf 63' lang='lat' dir='ltr'><strong>Poenis»,</strong></span> <span class='ocrx_word' id='word_1_39' title='bbox 1985 879 2139 942; x_wconf 86' lang='lat' dir='ltr'><strong>quae</strong></span> <span class='ocrx_word' id='word_1_40' title='bbox 2154 867 2259 923; x_wconf 89' lang='lat' dir='ltr'><strong>est</strong></span> <span class='ocrx_word' id='word_1_41' title='bbox 2281 861 2485 925; x_wconf 88' lang='lat' dir='ltr'><strong>etiam</strong></span> 
     </span>
     <span class='ocr_line' id='line_1_6' title="bbox 285 959 2485 1043; baseline 0.002 -21"><span class='ocrx_word' id='word_1_42' title='bbox 285 979 456 1023; x_wconf 89' lang='lat' dir='ltr'><strong>nunc</strong></span> <span class='ocrx_word' id='word_1_43' title='bbox 486 960 554 1022; x_wconf 86' lang='lat' dir='ltr'><strong>in</strong></span> <span class='ocrx_word' id='word_1_44' title='bbox 588 959 785 1024; x_wconf 91' lang='lat' dir='ltr'><strong>Foro.</strong></span> <span class='ocrx_word' id='word_1_45' title='bbox 878 961 1052 1024; x_wconf 89' lang='lat' dir='ltr'><strong>Item</strong></span> <span class='ocrx_word' id='word_1_46' title='bbox 1082 960 1165 1024; x_wconf 90' lang='grc' dir='ltr'><strong>Ρ.</strong></span> <span class='ocrx_word' id='word_1_47' title='bbox 1197 961 1496 1024; x_wconf 86' lang='lat' dir='ltr'><strong>Minucio</strong></span> <span class='ocrx_word' id='word_1_48' title='bbox 1520 969 1584 1007; x_wconf 75' lang='lat'><strong>³⁰</strong></span> <span class='ocrx_word' id='word_1_49' title='bbox 1617 962 1933 1043; x_wconf 74' lang='lat' dir='ltr'><strong>praefecto</strong></span> <span class='ocrx_word' id='word_1_50' title='bbox 1954 981 2251 1040; x_wconf 83' lang='lat' dir='ltr'><strong>annonae,</strong></span> <span class='ocrx_word' id='word_1_51' title='bbox 2283 969 2485 1026; x_wconf 84' lang='lat' dir='ltr'><strong>extra</strong></span> 
     </span>
     <span class='ocr_line' id='line_1_7' title="bbox 282 1060 2486 1147; baseline 0.001 -24"><span class='ocrx_word' id='word_1_52' title='bbox 282 1066 544 1143; x_wconf 87' lang='lat' dir='ltr'><strong>portam</strong></span> <span class='ocrx_word' id='word_1_53' title='bbox 572 1062 1049 1144; x_wconf 83' lang='lat' dir='ltr'>Trigeminam,</span> <span class='ocrx_word' id='word_1_54' title='bbox 1073 1062 1375 1127; x_wconf 85' lang='lat' dir='ltr'><strong>unciaria</strong></span> <span class='ocrx_word' id='word_1_55' title='bbox 1407 1063 1583 1145; x_wconf 87' lang='lat' dir='ltr'><strong>stipe</strong></span> <span class='ocrx_word' id='word_1_56' title='bbox 1603 1060 1625 1097; x_wconf 75' lang='lat' dir='ltr'>f</span> <span class='ocrx_word' id='word_1_57' title='bbox 1664 1064 1933 1141; x_wconf 88' lang='lat' dir='ltr'><strong>collata,</strong></span> <span class='ocrx_word' id='word_1_58' title='bbox 1965 1065 2201 1128; x_wconf 86' lang='lat' dir='ltr'><strong>nescio</strong></span> <span class='ocrx_word' id='word_1_59' title='bbox 2234 1083 2321 1127; x_wconf 87' lang='lat' dir='ltr'><strong>an</strong></span> <span class='ocrx_word' id='word_1_60' title='bbox 2346 1064 2486 1147; x_wconf 88' lang='lat' dir='ltr'><strong>pri-</strong></span> 
     </span>
     <span class='ocr_line' id='line_1_8' title="bbox 281 1163 2481 1249; baseline 0.002 -24"><span class='ocrx_word' id='word_1_61' title='bbox 281 1182 396 1225; x_wconf 91' lang='lat' dir='ltr'><strong>mo</strong></span> <span class='ocrx_word' id='word_1_62' title='bbox 426 1163 676 1227; x_wconf 87' lang='lat' dir='ltr'><strong>honore</strong></span> <span class='ocrx_word' id='word_1_63' title='bbox 706 1166 827 1228; x_wconf 89' lang='lat' dir='ltr'><strong>tali</strong></span> <span class='ocrx_word' id='word_1_64' title='bbox 858 1184 900 1228; x_wconf 86' lang='lat' dir='ltr'><strong>a</strong></span> <span class='ocrx_word' id='word_1_65' title='bbox 929 1166 1210 1247; x_wconf 89' lang='lat' dir='ltr'><strong>populo,</strong></span> <span class='ocrx_word' id='word_1_66' title='bbox 1241 1172 1446 1228; x_wconf 85' lang='lat' dir='ltr'><strong>antea</strong></span> <span class='ocrx_word' id='word_1_67' title='bbox 1469 1165 1690 1228; x_wconf 85' lang='lat' dir='ltr'><strong>enim4</strong></span> <span class='ocrx_word' id='word_1_68' title='bbox 1732 1184 1777 1228; x_wconf 87' lang='lat' dir='ltr'><strong>a</strong></span> <span class='ocrx_word' id='word_1_69' title='bbox 1804 1176 2047 1230; x_wconf 83' lang='lat' dir='ltr'><strong>senatu</strong></span> <span class='ocrx_word' id='word_1_70' title='bbox 2078 1170 2260 1229; x_wconf 89' lang='lat' dir='ltr'><strong>erat:</strong></span> <span class='ocrx_word' id='word_1_71' title='bbox 2308 1184 2481 1249; x_wconf 83' lang='lat' dir='ltr'><strong>prae-</strong></span> 
     </span>
     <span class='ocr_line' id='line_1_9' title="bbox 284 1264 2486 1350; baseline 0.002 -23"><span class='ocrx_word' id='word_1_72' title='bbox 284 1264 474 1327; x_wconf 86' lang='lat' dir='ltr'><strong>clara</strong></span> <span class='ocrx_word' id='word_1_73' title='bbox 502 1285 632 1343; x_wconf 86' lang='lat' dir='ltr'><strong>res,</strong></span> <span class='ocrx_word' id='word_1_74' title='bbox 661 1267 791 1328; x_wconf 88' lang='lat' dir='ltr'><strong>nisi</strong></span> <span class='ocrx_word' id='word_1_75' title='bbox 833 1266 1090 1331; x_wconf 84' lang='lat' dir='ltr'><strong>frivolis</strong></span> <span class='ocrx_word' id='word_1_76' title='bbox 1137 1267 1467 1348; x_wconf 86' lang='lat' dir='ltr'><strong>coepisset</strong></span> <span class='ocrx_word' id='word_1_77' title='bbox 1520 1265 1752 1329; x_wconf 88' lang='lat' dir='ltr'><strong>initiis.</strong></span> <span class='ocrx_word' id='word_1_78' title='bbox 1842 1266 2159 1350; x_wconf 80' lang='lat' dir='ltr'><strong>Namque</strong></span> <span class='ocrx_word' id='word_1_79' title='bbox 2209 1272 2278 1332; x_wconf 87' lang='lat' dir='ltr'><strong>et</strong></span> <span class='ocrx_word' id='word_1_80' title='bbox 2331 1264 2486 1331; x_wconf 86' lang='lat' dir='ltr'><strong>Atti</strong></span> 
     </span>
     <span class='ocr_line' id='line_1_10' title="bbox 285 1363 2484 1450; baseline 0.002 -22"><span class='ocrx_word' id='word_1_81' title='bbox 285 1363 550 1433; x_wconf 82' lang='lat' dir='ltr'><strong>Navii.⁵</strong></span> <span class='ocrx_word' id='word_1_82' title='bbox 567 1374 595 1412; x_wconf 75' lang='lat'><strong>⁸</strong></span> <span class='ocrx_word' id='word_1_83' title='bbox 639 1372 867 1433; x_wconf 88' lang='lat' dir='ltr'><strong>statua</strong></span> <span class='ocrx_word' id='word_1_84' title='bbox 894 1366 1025 1431; x_wconf 86' lang='lat' dir='ltr'><strong>fuit</strong></span> <span class='ocrx_word' id='word_1_85' title='bbox 1052 1373 1206 1432; x_wconf 88' lang='lat' dir='ltr'><strong>ante</strong></span> <span class='ocrx_word' id='word_1_86' title='bbox 1235 1366 1532 1446; x_wconf 85' lang='lat' dir='ltr'><strong>Curiam,</strong></span> <span class='ocrx_word' id='word_1_87' title='bbox 1564 1367 1759 1450; x_wconf 87' lang='lat' dir='ltr'><strong>cujus</strong></span> <span class='ocrx_word' id='word_1_88' title='bbox 1801 1367 1992 1432; x_wconf 86' lang='lat' dir='ltr'><strong>basis</strong></span> <span class='ocrx_word' id='word_1_89' title='bbox 2045 1365 2484 1450; x_wconf 80' lang='lat' dir='ltr'><strong>conflagravit</strong></span> 
     </span>
    </p>
   </div>
   <div class='ocr_carea' id='block_1_3' title="bbox 1197 1546 1559 1567">
    <p class='ocr_par' dir='ltr' id='par_1_4' title="bbox 1197 1546 1559 1567">
     <span class='ocr_line' id='line_1_11' title="bbox 1197 1546 1559 1567; baseline -0.003 -1"><span class='ocrx_word' id='word_1_90' title='bbox 1197 1547 1256 1567; x_wconf 60' lang='lat' dir='ltr'><strong>Oe</strong></span> <span class='ocrx_word' id='word_1_91' title='bbox 1259 1546 1406 1567; x_wconf 52' lang='lat' dir='ltr'><strong>“O“</strong></span> <span class='ocrx_word' id='word_1_92' title='bbox 1410 1546 1525 1567; x_wconf 60' lang='lat'><strong>”00</strong></span> <span class='ocrx_word' id='word_1_93' title='bbox 1529 1546 1559 1565; x_wconf 59' lang='lat' dir='ltr'><em>O</em></span> 
     </span>
    </p>
   </div>
   <div class='ocr_carea' id='block_1_4' title="bbox 280 1676 2484 1936">
    <p class='ocr_par' dir='ltr' id='par_1_5' title="bbox 280 1676 2484 1936">
     <span class='ocr_line' id='line_1_12' title="bbox 348 1676 2484 1741; baseline 0.002 -16"><span class='ocrx_word' id='word_1_94' title='bbox 348 1676 488 1725; x_wconf 71' lang='lat' dir='ltr'><strong>CAP.</strong></span> <span class='ocrx_word' id='word_1_95' title='bbox 507 1690 589 1728; x_wconf 78' lang='grc' dir='ltr'>ιιι.</span> <span class='ocrx_word' id='word_1_96' title='bbox 654 1683 681 1726; x_wconf 93' lang='grc'><strong>1</strong></span> <span class='ocrx_word' id='word_1_97' title='bbox 718 1678 844 1728; x_wconf 86' lang='lat' dir='ltr'><strong>Vet.</strong></span> <span class='ocrx_word' id='word_1_98' title='bbox 887 1678 1068 1728; x_wconf 86' lang='lat' dir='ltr'><strong>Dalec.</strong></span> <span class='ocrx_word' id='word_1_99' title='bbox 1106 1680 1355 1729; x_wconf 77' lang='lat' dir='ltr'><strong>celebratio</strong></span> <span class='ocrx_word' id='word_1_100' title='bbox 1385 1678 1566 1728; x_wconf 82' lang='lat' dir='ltr'><strong>iis.-—2</strong></span> <span class='ocrx_word' id='word_1_101' title='bbox 1602 1678 1810 1741; x_wconf 74' lang='lat' dir='ltr'><strong>Respub.</strong></span> <span class='ocrx_word' id='word_1_102' title='bbox 1843 1679 2059 1727; x_wconf 81' lang='lat' dir='ltr'><strong>Romona</strong></span> <span class='ocrx_word' id='word_1_103' title='bbox 2087 1677 2205 1729; x_wconf 88' lang='lat' dir='ltr'><strong>cod.</strong></span> <span class='ocrx_word' id='word_1_104' title='bbox 2236 1678 2484 1730; x_wconf 78' lang='lat' dir='ltr'><strong>Doleo.—</strong></span> 
     </span>
     <span class='ocr_line' id='line_1_13' title="bbox 281 1741 2484 1805; baseline 0.003 -18"><span class='ocrx_word' id='word_1_105' title='bbox 281 1744 310 1788; x_wconf 72' lang='lat'>3</span> <span class='ocrx_word' id='word_1_106' title='bbox 349 1741 554 1802; x_wconf 83' lang='lat' dir='ltr'><strong>‘Supra</strong></span> <span class='ocrx_word' id='word_1_107' title='bbox 583 1754 756 1793; x_wconf 80' lang='lat' dir='ltr'><strong>xvnr.</strong></span> <span class='ocrx_word' id='word_1_108' title='bbox 779 1747 828 1792; x_wconf 98' lang='grc'><strong>4.</strong></span> <span class='ocrx_word' id='word_1_109' title='bbox 862 1742 1030 1793; x_wconf 87' lang='lat' dir='ltr'><strong>dictus</strong></span> <span class='ocrx_word' id='word_1_110' title='bbox 1067 1750 1151 1792; x_wconf 87' lang='lat' dir='ltr'><strong>est</strong></span> <span class='ocrx_word' id='word_1_111' title='bbox 1183 1744 1247 1791; x_wconf 89' lang='lat' dir='ltr'><strong>L.</strong></span> <span class='ocrx_word' id='word_1_112' title='bbox 1271 1744 1532 1792; x_wconf 74' lang='lat' dir='ltr'><strong>Minucius.</strong></span> <span class='ocrx_word' id='word_1_113' title='bbox 1599 1743 1686 1792; x_wconf 89' lang='lat' dir='ltr'><strong>Sic</strong></span> <span class='ocrx_word' id='word_1_114' title='bbox 1720 1757 1926 1805; x_wconf 84' lang='lat' dir='ltr'><strong>quoque</strong></span> <span class='ocrx_word' id='word_1_115' title='bbox 1964 1744 2260 1805; x_wconf 84' lang='lat' dir='ltr'><strong>appellatur</strong></span> <span class='ocrx_word' id='word_1_116' title='bbox 2281 1743 2347 1793; x_wconf 87' lang='lat' dir='ltr'><strong>ab</strong></span> <span class='ocrx_word' id='word_1_117' title='bbox 2369 1743 2484 1793; x_wconf 86' lang='lat' dir='ltr'><strong>aliis</strong></span> 
     </span>
     <span class='ocr_line' id='line_1_14' title="bbox 282 1805 2484 1865; baseline 0.003 -13"><span class='ocrx_word' id='word_1_118' title='bbox 282 1805 644 1865; x_wconf 74' lang='lat' dir='ltr'><strong>scriptoribus.</strong></span> <span class='ocrx_word' id='word_1_119' title='bbox 685 1807 821 1856; x_wconf 87' lang='lat' dir='ltr'><strong>Vide</strong></span> <span class='ocrx_word' id='word_1_120' title='bbox 839 1808 954 1858; x_wconf 83' lang='lat' dir='ltr'><strong>Liv.</strong></span> <span class='ocrx_word' id='word_1_121' title='bbox 978 1822 1052 1858; x_wconf 77' lang='lat' dir='ltr'><strong>tv.</strong></span> <span class='ocrx_word' id='word_1_122' title='bbox 1070 1807 1170 1859; x_wconf 62' lang='lat'><strong>123</strong></span> <span class='ocrx_word' id='word_1_123' title='bbox 1204 1808 1423 1857; x_wconf 78' lang='lat' dir='ltr'><strong>Brotier.</strong></span> <span class='ocrx_word' id='word_1_124' title='bbox 1476 1810 1543 1857; x_wconf 92' lang='grc' dir='ltr'><strong>Ρ.</strong></span> <span class='ocrx_word' id='word_1_125' title='bbox 1570 1807 1782 1856; x_wconf 69' lang='lat' dir='ltr'><strong>Minucio</strong></span> <span class='ocrx_word' id='word_1_126' title='bbox 1807 1806 1925 1856; x_wconf 89' lang='lat' dir='ltr'><strong>edd.</strong></span> <span class='ocrx_word' id='word_1_127' title='bbox 1947 1814 2080 1857; x_wconf 87' lang='lat' dir='ltr'><strong>vett.</strong></span> <span class='ocrx_word' id='word_1_128' title='bbox 2103 1813 2159 1857; x_wconf 88' lang='lat' dir='ltr'><strong>et</strong></span> <span class='ocrx_word' id='word_1_129' title='bbox 2181 1807 2484 1858; x_wconf 83' lang='lat' dir='ltr'><strong>Gronov.-</strong></span> 
     </span>
     <span class='ocr_line' id='line_1_15' title="bbox 280 1869 2483 1936; baseline 0.003 -20"><span class='ocrx_word' id='word_1_130' title='bbox 280 1872 312 1916; x_wconf 91' lang='grc'><strong>4</strong></span> <span class='ocrx_word' id='word_1_131' title='bbox 349 1869 473 1919; x_wconf 86' lang='lat' dir='ltr'><strong>Vet.</strong></span> <span class='ocrx_word' id='word_1_132' title='bbox 514 1872 698 1921; x_wconf 86' lang='lat' dir='ltr'><strong>Dalec.</strong></span> <span class='ocrx_word' id='word_1_133' title='bbox 721 1873 906 1928; x_wconf 68' lang='lat' dir='ltr'><strong>unciali,</strong></span> <span class='ocrx_word' id='word_1_134' title='bbox 933 1874 1084 1936; x_wconf 81' lang='lat' dir='ltr'><strong>stirpe</strong></span> <span class='ocrx_word' id='word_1_135' title='bbox 1104 1905 1121 1922; x_wconf 85' lang='lat'><strong>.</strong></span> <span class='ocrx_word' id='word_1_136' title='bbox 1146 1906 1161 1922; x_wconf 96' lang='lat'><strong>.</strong></span> <span class='ocrx_word' id='word_1_137' title='bbox 1186 1907 1200 1924; x_wconf 93' lang='lat'><strong>.</strong></span> <span class='ocrx_word' id='word_1_138' title='bbox 1225 1905 1239 1921; x_wconf 97' lang='lat'><strong>.</strong></span> <span class='ocrx_word' id='word_1_139' title='bbox 1259 1872 1407 1923; x_wconf 77' lang='lat' dir='ltr'><strong>honor</strong></span> <span class='ocrx_word' id='word_1_140' title='bbox 1444 1873 1561 1922; x_wconf 78' lang='lat' dir='ltr'><strong>talis</strong></span> <span class='ocrx_word' id='word_1_141' title='bbox 1590 1887 1620 1920; x_wconf 83' lang='lat' dir='ltr'><strong>a</strong></span> <span class='ocrx_word' id='word_1_142' title='bbox 1655 1887 1706 1935; x_wconf 80' lang='lat' dir='ltr'><strong>p.</strong></span> <span class='ocrx_word' id='word_1_143' title='bbox 1741 1877 1853 1922; x_wconf 80' lang='lat' dir='ltr'><strong>onte</strong></span> <span class='ocrx_word' id='word_1_144' title='bbox 1889 1872 2128 1922; x_wconf 66' lang='lat' dir='ltr'><strong>enim—5</strong></span> <span class='ocrx_word' id='word_1_145' title='bbox 2162 1871 2299 1921; x_wconf 73' lang='lat' dir='ltr'><strong>Actii</strong></span> <span class='ocrx_word' id='word_1_146' title='bbox 2331 1873 2483 1922; x_wconf 72' lang='lat' dir='ltr'><strong>Navis·</strong></span> 
     </span>
    </p>
   </div>
   <div class='ocr_carea' id='block_1_5' title="bbox 1269 2050 1486 2103">
    <p class='ocr_par' dir='ltr' id='par_1_6' title="bbox 1269 2050 1486 2103">
     <span class='ocr_line' id='line_1_16' title="bbox 1269 2050 1486 2103; baseline -0.014 0"><span class='ocrx_word' id='word_1_147' title='bbox 1269 2050 1486 2103; x_wconf 75' lang='lat' dir='ltr'><strong>NOTAE</strong></span> 
     </span>
    </p>
   </div>
   <div class='ocr_carea' id='block_1_6' title="bbox 279 2160 2479 2228">
    <p class='ocr_par' dir='ltr' id='par_1_7' title="bbox 279 2160 2479 2228">
     <span class='ocr_line' id='line_1_17' title="bbox 279 2160 2479 2228; baseline 0.002 -19"><span class='ocrx_word' id='word_1_148' title='bbox 279 2162 294 2190; x_wconf 87' lang='lat'>‘</span> <span class='ocrx_word' id='word_1_149' title='bbox 319 2160 533 2226; x_wconf 85' lang='lat' dir='ltr'><strong>Oppida</strong></span> <span class='ocrx_word' id='word_1_150' title='bbox 555 2163 745 2214; x_wconf 83' lang='lat' dir='ltr'><strong>Latina</strong></span> <span class='ocrx_word' id='word_1_151' title='bbox 766 2166 938 2215; x_wconf 86' lang='lat' dir='ltr'><strong>omnia</strong></span> <span class='ocrx_word' id='word_1_152' title='bbox 962 2197 1072 2217; x_wconf 91' lang='lat'><strong>....</strong></span> <span class='ocrx_word' id='word_1_153' title='bbox 1094 2165 1345 2228; x_wconf 78' lang='lat' dir='ltr'><strong>praesidiis</strong></span> <span class='ocrx_word' id='word_1_154' title='bbox 1421 2163 1566 2215; x_wconf 86' lang='lat' dir='ltr'><strong>ribus</strong></span> <span class='ocrx_word' id='word_1_155' title='bbox 1611 2162 1979 2227; x_wconf 82' lang='lat' dir='ltr'><strong>monumentis,</strong></span> <span class='ocrx_word' id='word_1_156' title='bbox 2020 2176 2122 2211; x_wconf 88' lang='lat' dir='ltr'><strong>non</strong></span> <span class='ocrx_word' id='word_1_157' title='bbox 2167 2162 2227 2212; x_wconf 86' lang='lat' dir='ltr'><strong>C.</strong></span> <span class='ocrx_word' id='word_1_158' title='bbox 2270 2162 2365 2212; x_wconf 83' lang='lat' dir='ltr'><strong>sed</strong></span> <span class='ocrx_word' id='word_1_159' title='bbox 2408 2161 2479 2213; x_wconf 88' lang='lat' dir='ltr'><strong>K.</strong></span> 
     </span>
    </p>
   </div>
   <div class='ocr_carea' id='block_1_7' title="bbox 274 2240 1347 3517">
    <p class='ocr_par' dir='ltr' id='par_1_8' title="bbox 284 2240 774 2292">
     <span class='ocr_line' id='line_1_18' title="bbox 284 2240 774 2292; baseline 0.012 -7"><span class='ocrx_word' id='word_1_160' title='bbox 284 2243 528 2288; x_wconf 83' lang='lat' dir='ltr'><strong>tenentur</strong></span> <span class='ocrx_word' id='word_1_161' title='bbox 549 2240 774 2292; x_wconf 62' lang='lat' dir='ltr'><strong>vestris?</strong></span> 
     </span>
    </p>

    <p class='ocr_par' dir='ltr' id='par_1_9' title="bbox 275 2314 1343 3348">
     <span class='ocr_line' id='line_1_19' title="bbox 343 2314 1343 2381; baseline 0.008 -21"><span class='ocrx_word' id='word_1_162' title='bbox 343 2321 365 2346; x_wconf 75' lang='lat'><strong>0</strong></span> <span class='ocrx_word' id='word_1_163' title='bbox 394 2314 460 2361; x_wconf 78' lang='lat' dir='ltr'><strong>In</strong></span> <span class='ocrx_word' id='word_1_164' title='bbox 475 2318 730 2381; x_wconf 80' lang='lat' dir='ltr'><strong>suggestu]</strong></span> <span class='ocrx_word' id='word_1_165' title='bbox 762 2319 930 2367; x_wconf 87' lang='lat' dir='ltr'><strong>Locus</strong></span> <span class='ocrx_word' id='word_1_166' title='bbox 954 2319 1210 2368; x_wconf 79' lang='lat' dir='ltr'><strong>excelsior</strong></span> <span class='ocrx_word' id='word_1_167' title='bbox 1227 2317 1343 2375; x_wconf 84' lang='lat' dir='ltr'><strong>fuit,</strong></span> 
     </span>
     <span class='ocr_line' id='line_1_20' title="bbox 277 2389 1343 2457; baseline 0.006 -20"><span class='ocrx_word' id='word_1_168' title='bbox 277 2389 414 2439; x_wconf 89' lang='lat' dir='ltr'><strong>unde</strong></span> <span class='ocrx_word' id='word_1_169' title='bbox 449 2392 618 2443; x_wconf 84' lang='lat' dir='ltr'><strong>oratio</strong></span> <span class='ocrx_word' id='word_1_170' title='bbox 648 2392 830 2442; x_wconf 79' lang='lat' dir='ltr'><strong>haberi</strong></span> <span class='ocrx_word' id='word_1_171' title='bbox 853 2392 918 2441; x_wconf 84' lang='lat' dir='ltr'><strong>ad</strong></span> <span class='ocrx_word' id='word_1_172' title='bbox 944 2394 1188 2457; x_wconf 87' lang='lat' dir='ltr'><strong>populum</strong></span> <span class='ocrx_word' id='word_1_173' title='bbox 1225 2409 1343 2457; x_wconf 91' lang='lat' dir='ltr'><strong>pos·</strong></span> 
     </span>
     <span class='ocr_line' id='line_1_21' title="bbox 277 2466 1343 2522; baseline 0.005 -9"><span class='ocrx_word' id='word_1_174' title='bbox 277 2472 373 2514; x_wconf 89' lang='lat' dir='ltr'><strong>set.</strong></span> <span class='ocrx_word' id='word_1_175' title='bbox 411 2466 592 2516; x_wconf 83' lang='lat' dir='ltr'><strong>Livius</strong></span> <span class='ocrx_word' id='word_1_176' title='bbox 617 2482 746 2517; x_wconf 78' lang='lat' dir='ltr'><strong>vin.</strong></span> <span class='ocrx_word' id='word_1_177' title='bbox 763 2473 879 2518; x_wconf 80' lang='grc'><strong>142.</strong></span> <span class='ocrx_word' id='word_1_178' title='bbox 913 2471 928 2496; x_wconf 89' lang='lat'>‘</span> <span class='ocrx_word' id='word_1_179' title='bbox 955 2470 1134 2522; x_wconf 76' lang='lat' dir='ltr'><strong>Novas</strong></span> <span class='ocrx_word' id='word_1_180' title='bbox 1157 2467 1343 2519; x_wconf 85' lang='lat' dir='ltr'><strong>Antia·</strong></span> 
     </span>
     <span class='ocr_line' id='line_1_22' title="bbox 277 2543 1342 2604; baseline 0.007 -17"><span class='ocrx_word' id='word_1_181' title='bbox 277 2548 388 2588; x_wconf 86' lang='lat' dir='ltr'><strong>tum</strong></span> <span class='ocrx_word' id='word_1_182' title='bbox 431 2543 622 2604; x_wconf 87' lang='lat' dir='ltr'><strong>partim</strong></span> <span class='ocrx_word' id='word_1_183' title='bbox 665 2543 720 2591; x_wconf 85' lang='lat' dir='ltr'><strong>iu</strong></span> <span class='ocrx_word' id='word_1_184' title='bbox 765 2544 963 2593; x_wconf 79' lang='lat' dir='ltr'><strong>navalia</strong></span> <span class='ocrx_word' id='word_1_185' title='bbox 1007 2544 1187 2593; x_wconf 80' lang='lat' dir='ltr'><strong>Romae</strong></span> <span class='ocrx_word' id='word_1_186' title='bbox 1224 2545 1342 2594; x_wconf 85' lang='lat' dir='ltr'><strong>sub-</strong></span> 
     </span>
     <span class='ocr_line' id='line_1_23' title="bbox 277 2616 1339 2688; baseline 0.006 -22"><span class='ocrx_word' id='word_1_187' title='bbox 277 2616 471 2682; x_wconf 84' lang='lat' dir='ltr'><strong>ductae,</strong></span> <span class='ocrx_word' id='word_1_188' title='bbox 521 2620 713 2683; x_wconf 86' lang='lat' dir='ltr'><strong>partim</strong></span> <span class='ocrx_word' id='word_1_189' title='bbox 758 2622 1004 2683; x_wconf 65' lang='lat' dir='ltr'><strong>incensas,</strong></span> <span class='ocrx_word' id='word_1_190' title='bbox 1056 2622 1339 2688; x_wconf 84' lang='lat' dir='ltr'><strong>rostrisque</strong></span> 
     </span>
     <span class='ocr_line' id='line_1_24' title="bbox 276 2698 1338 2758; baseline 0.006 -16"><span class='ocrx_word' id='word_1_191' title='bbox 276 2707 451 2744; x_wconf 82' lang='lat' dir='ltr'><strong>earum</strong></span> <span class='ocrx_word' id='word_1_192' title='bbox 471 2704 772 2758; x_wconf 77' lang='lat' dir='ltr'><strong>suggestum</strong></span> <span class='ocrx_word' id='word_1_193' title='bbox 795 2698 847 2745; x_wconf 90' lang='lat' dir='ltr'><strong>in</strong></span> <span class='ocrx_word' id='word_1_194' title='bbox 863 2698 997 2746; x_wconf 88' lang='lat' dir='ltr'><strong>Foro</strong></span> <span class='ocrx_word' id='word_1_195' title='bbox 1013 2705 1338 2748; x_wconf 88' lang='lat' dir='ltr'><strong>exstructum</strong></span> 
     </span>
     <span class='ocr_line' id='line_1_25' title="bbox 275 2765 1347 2834; baseline 0.006 -18"><span class='ocrx_word' id='word_1_196' title='bbox 275 2769 515 2819; x_wconf 79' lang='lat' dir='ltr'><strong>adornari</strong></span> <span class='ocrx_word' id='word_1_197' title='bbox 554 2771 768 2833; x_wconf 81' lang='lat' dir='ltr'><strong>placuit.</strong></span> <span class='ocrx_word' id='word_1_198' title='bbox 808 2772 1103 2834; x_wconf 82' lang='lat' dir='ltr'><strong>Rostraque</strong></span> <span class='ocrx_word' id='word_1_199' title='bbox 1133 2770 1185 2821; x_wconf 84' lang='lat' dir='ltr'><strong>id</strong></span> <span class='ocrx_word' id='word_1_200' title='bbox 1211 2765 1347 2822; x_wconf 87' lang='lat' dir='ltr'><strong>tem·</strong></span> 
     </span>
     <span class='ocr_line' id='line_1_26' title="bbox 277 2845 1339 2910; baseline 0.004 -17"><span class='ocrx_word' id='word_1_201' title='bbox 277 2845 416 2907; x_wconf 86' lang='lat' dir='ltr'><strong>plum</strong></span> <span class='ocrx_word' id='word_1_202' title='bbox 436 2846 796 2910; x_wconf 64' lang='lat' dir='ltr'><strong>appellatum!</strong></span> <span class='ocrx_word' id='word_1_203' title='bbox 829 2848 1073 2898; x_wconf 78' lang='lat' dir='ltr'><strong>Florusr.</strong></span> <span class='ocrx_word' id='word_1_204' title='bbox 1099 2852 1180 2897; x_wconf 91' lang='grc'><strong>11.</strong></span> <span class='ocrx_word' id='word_1_205' title='bbox 1201 2847 1339 2897; x_wconf 86' lang='lat' dir='ltr'>‘Ex-</span> 
     </span>
     <span class='ocr_line' id='line_1_27' title="bbox 278 2920 1338 2988; baseline 0.006 -21"><span class='ocrx_word' id='word_1_206' title='bbox 278 2925 392 2969; x_wconf 80' lang='lat' dir='ltr'><strong>tant</strong></span> <span class='ocrx_word' id='word_1_207' title='bbox 418 2928 478 2970; x_wconf 83' lang='lat' dir='ltr'><strong>et</strong></span> <span class='ocrx_word' id='word_1_208' title='bbox 502 2927 660 2984; x_wconf 84' lang='lat' dir='ltr'><strong>parta</strong></span> <span class='ocrx_word' id='word_1_209' title='bbox 689 2922 758 2971; x_wconf 85' lang='lat' dir='ltr'><strong>de</strong></span> <span class='ocrx_word' id='word_1_210' title='bbox 792 2920 954 2971; x_wconf 87' lang='lat' dir='ltr'><strong>Antio</strong></span> <span class='ocrx_word' id='word_1_211' title='bbox 988 2923 1186 2985; x_wconf 83' lang='lat' dir='ltr'><strong>spolia:</strong></span> <span class='ocrx_word' id='word_1_212' title='bbox 1221 2938 1338 2988; x_wconf 80' lang='lat' dir='ltr'><strong>quae</strong></span> 
     </span>
     <span class='ocr_line' id='line_1_28' title="bbox 277 2996 1340 3062; baseline 0.005 -18"><span class='ocrx_word' id='word_1_213' title='bbox 277 2996 503 3046; x_wconf 79' lang='lat' dir='ltr'><strong>Maenius</strong></span> <span class='ocrx_word' id='word_1_214' title='bbox 526 2998 582 3046; x_wconf 89' lang='lat' dir='ltr'><strong>iu</strong></span> <span class='ocrx_word' id='word_1_215' title='bbox 601 3006 847 3061; x_wconf 82' lang='lat' dir='ltr'><strong>suggestu</strong></span> <span class='ocrx_word' id='word_1_216' title='bbox 872 2999 1014 3061; x_wconf 77' lang='lat' dir='ltr'><strong>Feri,</strong></span> <span class='ocrx_word' id='word_1_217' title='bbox 1045 3006 1204 3062; x_wconf 86' lang='lat' dir='ltr'><strong>capta</strong></span> <span class='ocrx_word' id='word_1_218' title='bbox 1224 3001 1340 3049; x_wconf 83' lang='lat' dir='ltr'><strong>hos·</strong></span> 
     </span>
     <span class='ocr_line' id='line_1_29' title="bbox 277 3070 1340 3136; baseline 0.007 -18"><span class='ocrx_word' id='word_1_219' title='bbox 277 3070 402 3121; x_wconf 88' lang='lat' dir='ltr'><strong>tium</strong></span> <span class='ocrx_word' id='word_1_220' title='bbox 440 3074 629 3136; x_wconf 87' lang='lat' dir='ltr'><strong>classe,</strong></span> <span class='ocrx_word' id='word_1_221' title='bbox 672 3072 898 3124; x_wconf 70' lang='lat' dir='ltr'><strong>suffixit:</strong></span> <span class='ocrx_word' id='word_1_222' title='bbox 947 3074 992 3123; x_wconf 88' lang='lat' dir='ltr'><strong>si</strong></span> <span class='ocrx_word' id='word_1_223' title='bbox 1033 3082 1205 3123; x_wconf 84' lang='lat' dir='ltr'><strong>tamen</strong></span> <span class='ocrx_word' id='word_1_224' title='bbox 1249 3075 1340 3125; x_wconf 89' lang='lat' dir='ltr'><strong>illa</strong></span> 
     </span>
     <span class='ocr_line' id='line_1_30' title="bbox 277 3146 1338 3199; baseline 0.006 -6"><span class='ocrx_word' id='word_1_225' title='bbox 277 3146 478 3196; x_wconf 83' lang='lat' dir='ltr'><strong>classis:</strong></span> <span class='ocrx_word' id='word_1_226' title='bbox 515 3163 637 3197; x_wconf 88' lang='lat' dir='ltr'><strong>nam</strong></span> <span class='ocrx_word' id='word_1_227' title='bbox 657 3162 750 3197; x_wconf 87' lang='lat' dir='ltr'><strong>sex</strong></span> <span class='ocrx_word' id='word_1_228' title='bbox 773 3148 918 3198; x_wconf 88' lang='lat' dir='ltr'><strong>fuere</strong></span> <span class='ocrx_word' id='word_1_229' title='bbox 945 3156 1212 3199; x_wconf 68' lang='lat' dir='ltr'><strong>rostratae:</strong></span> <span class='ocrx_word' id='word_1_230' title='bbox 1247 3150 1338 3199; x_wconf 87' lang='lat' dir='ltr'><strong>sed</strong></span> 
     </span>
     <span class='ocr_line' id='line_1_31' title="bbox 276 3220 1337 3275; baseline 0.006 -6"><span class='ocrx_word' id='word_1_231' title='bbox 276 3220 358 3271; x_wconf 79' lang='lat' dir='ltr'><strong>hic</strong></span> <span class='ocrx_word' id='word_1_232' title='bbox 379 3237 627 3273; x_wconf 87' lang='lat' dir='ltr'><strong>numerus</strong></span> <span class='ocrx_word' id='word_1_233' title='bbox 645 3224 746 3273; x_wconf 88' lang='lat' dir='ltr'><strong>illis</strong></span> <span class='ocrx_word' id='word_1_234' title='bbox 765 3224 926 3274; x_wconf 86' lang='lat' dir='ltr'><strong>initiis</strong></span> <span class='ocrx_word' id='word_1_235' title='bbox 941 3226 1126 3274; x_wconf 81' lang='lat' dir='ltr'><strong>navale</strong></span> <span class='ocrx_word' id='word_1_236' title='bbox 1146 3225 1337 3275; x_wconf 89' lang='lat' dir='ltr'><strong>bellum</strong></span> 
     </span>
     <span class='ocr_line' id='line_1_32' title="bbox 278 3295 413 3348; baseline 0.03 -4"><span class='ocrx_word' id='word_1_237' title='bbox 278 3295 413 3348; x_wconf 62' lang='lat' dir='ltr'><strong>fuit!</strong></span> 
     </span>
    </p>

    <p class='ocr_par' dir='ltr' id='par_1_10' title="bbox 274 3371 1338 3517">
     <span class='ocr_line' id='line_1_33' title="bbox 335 3371 1338 3439; baseline 0.005 -17"><span class='ocrx_word' id='word_1_238' title='bbox 335 3371 360 3405; x_wconf 75' lang='lat'><strong>‘¹</strong></span> <span class='ocrx_word' id='word_1_239' title='bbox 392 3374 523 3423; x_wconf 83' lang='lat' dir='ltr'><strong>Item</strong></span> <span class='ocrx_word' id='word_1_240' title='bbox 544 3376 663 3424; x_wconf 76' lang='lat' dir='ltr'><strong>Caio</strong></span> <span class='ocrx_word' id='word_1_241' title='bbox 689 3375 900 3439; x_wconf 77' lang='lat' dir='ltr'><strong>Duillio]</strong></span> <span class='ocrx_word' id='word_1_242' title='bbox 937 3379 1018 3427; x_wconf 88' lang='lat' dir='ltr'><strong>De</strong></span> <span class='ocrx_word' id='word_1_243' title='bbox 1055 3392 1120 3427; x_wconf 89' lang='lat' dir='ltr'><strong>eo</strong></span> <span class='ocrx_word' id='word_1_244' title='bbox 1155 3377 1338 3427; x_wconf 85' lang='lat' dir='ltr'><strong>Florus</strong></span> 
     </span>
     <span class='ocr_line' id='line_1_34' title="bbox 274 3453 1338 3517; baseline 0.005 -21"><span class='ocrx_word' id='word_1_245' title='bbox 274 3461 337 3498; x_wconf 85' lang='grc' dir='ltr'><strong>ιι.</strong></span> <span class='ocrx_word' id='word_1_246' title='bbox 379 3453 429 3498; x_wconf 80' lang='lat'><strong>2.</strong></span> <span class='ocrx_word' id='word_1_247' title='bbox 473 3465 598 3514; x_wconf 78' lang='lat' dir='ltr'><strong>pag.</strong></span> <span class='ocrx_word' id='word_1_248' title='bbox 639 3456 723 3502; x_wconf 84' lang='grc'><strong>49.</strong></span> <span class='ocrx_word' id='word_1_249' title='bbox 755 3453 771 3481; x_wconf 74' lang='lat'><strong><em>⁴</em></strong></span> <span class='ocrx_word' id='word_1_250' title='bbox 802 3453 989 3502; x_wconf 84' lang='lat' dir='ltr'><strong>Victor</strong></span> <span class='ocrx_word' id='word_1_251' title='bbox 1031 3467 1158 3517; x_wconf 81' lang='lat' dir='ltr'><strong>ergo</strong></span> <span class='ocrx_word' id='word_1_252' title='bbox 1199 3454 1338 3516; x_wconf 85' lang='lat' dir='ltr'><strong>apud</strong></span> 
     </span>
    </p>
   </div>
   <div class='ocr_carea' id='block_1_8' title="bbox 262 3517 1338 3594">
    <p class='ocr_par' dir='ltr' id='par_1_11' title="bbox 262 3517 1338 3594">
     <span class='ocr_line' id='line_1_35' title="bbox 262 3517 1338 3594; baseline 0.007 -21"><span class='ocrx_word' id='word_1_253' title='bbox 262 3517 514 3590; x_wconf 55' lang='lat' dir='ltr'><strong>liparas,</strong></span> <span class='ocrx_word' id='word_1_254' title='bbox 569 3542 738 3578; x_wconf 81' lang='lat' dir='ltr'><strong>mersa</strong></span> <span class='ocrx_word' id='word_1_255' title='bbox 791 3536 847 3580; x_wconf 86' lang='lat' dir='ltr'><strong>et</strong></span> <span class='ocrx_word' id='word_1_256' title='bbox 891 3528 1074 3594; x_wconf 79' lang='lat' dir='ltr'><strong>fugata</strong></span> <span class='ocrx_word' id='word_1_257' title='bbox 1114 3530 1338 3580; x_wconf 83' lang='lat' dir='ltr'><strong>bostium</strong></span> 
     </span>
    </p>
   </div>
   <div class='ocr_carea' id='block_1_9' title="bbox 267 3602 1339 4353">
    <p class='ocr_par' dir='ltr' id='par_1_12' title="bbox 267 3602 1339 4353">
     <span class='ocr_line' id='line_1_36' title="bbox 274 3602 1339 3669; baseline 0.004 -18"><span class='ocrx_word' id='word_1_258' title='bbox 274 3602 460 3666; x_wconf 81' lang='lat' dir='ltr'><strong>classe,</strong></span> <span class='ocrx_word' id='word_1_259' title='bbox 475 3604 700 3668; x_wconf 85' lang='lat' dir='ltr'><strong>primum</strong></span> <span class='ocrx_word' id='word_1_260' title='bbox 723 3606 868 3655; x_wconf 89' lang='lat' dir='ltr'><strong>illum</strong></span> <span class='ocrx_word' id='word_1_261' title='bbox 891 3605 1205 3655; x_wconf 85' lang='lat' dir='ltr'><strong>maritimum</strong></span> <span class='ocrx_word' id='word_1_262' title='bbox 1228 3608 1339 3669; x_wconf 84' lang='lat' dir='ltr'><strong>egit</strong></span> 
     </span>
     <span class='ocr_line' id='line_1_37' title="bbox 275 3677 1334 3745; baseline 0.006 -20"><span class='ocrx_word' id='word_1_263' title='bbox 275 3677 632 3744; x_wconf 59' lang='lat' dir='ltr'><strong>triumphum?</strong></span> <span class='ocrx_word' id='word_1_264' title='bbox 694 3680 887 3738; x_wconf 84' lang='lat' dir='ltr'><strong>Actum</strong></span> <span class='ocrx_word' id='word_1_265' title='bbox 928 3680 983 3730; x_wconf 82' lang='lat' dir='ltr'><strong>id</strong></span> <span class='ocrx_word' id='word_1_266' title='bbox 1026 3681 1150 3731; x_wconf 84' lang='lat' dir='ltr'><strong>belli</strong></span> <span class='ocrx_word' id='word_1_267' title='bbox 1183 3682 1334 3745; x_wconf 87' lang='lat' dir='ltr'><strong>primi</strong></span> 
     </span>
     <span class='ocr_line' id='line_1_38' title="bbox 274 3752 1338 3821; baseline 0.004 -19"><span class='ocrx_word' id='word_1_268' title='bbox 274 3752 461 3804; x_wconf 89' lang='lat' dir='ltr'><strong>Punici</strong></span> <span class='ocrx_word' id='word_1_269' title='bbox 478 3770 616 3806; x_wconf 81' lang='lat' dir='ltr'><strong>anno</strong></span> <span class='ocrx_word' id='word_1_270' title='bbox 632 3757 838 3821; x_wconf 80' lang='lat' dir='ltr'><strong>quinto:</strong></span> <span class='ocrx_word' id='word_1_271' title='bbox 853 3756 1030 3813; x_wconf 82' lang='lat' dir='ltr'><strong>Urbis,</strong></span> <span class='ocrx_word' id='word_1_272' title='bbox 1047 3769 1338 3807; x_wconf 84' lang='lat' dir='ltr'><strong>ccccxcm.</strong></span> 
     </span>
     <span class='ocr_line' id='line_1_39' title="bbox 270 3828 1334 3894; baseline 0.007 -17"><span class='ocrx_word' id='word_1_273' title='bbox 270 3828 677 3894; x_wconf 79' lang='lat' dir='ltr'><strong>Inscriptionem</strong></span> <span class='ocrx_word' id='word_1_274' title='bbox 687 3833 944 3881; x_wconf 67' lang='lat' dir='ltr'><strong>‘columnae</strong></span> <span class='ocrx_word' id='word_1_275' title='bbox 955 3831 1076 3883; x_wconf 83' lang='lat' dir='ltr'><strong>huic</strong></span> <span class='ocrx_word' id='word_1_276' title='bbox 1098 3838 1334 3883; x_wconf 79' lang='lat' dir='ltr'><strong>rostratae</strong></span> 
     </span>
     <span class='ocr_line' id='line_1_40' title="bbox 268 3908 1334 3972; baseline 0.008 -21"><span class='ocrx_word' id='word_1_277' title='bbox 268 3908 563 3969; x_wconf 79' lang='lat' dir='ltr'><strong>appositam</strong></span> <span class='ocrx_word' id='word_1_278' title='bbox 589 3909 834 3972; x_wconf 80' lang='lat' dir='ltr'><strong>singulari</strong></span> <span class='ocrx_word' id='word_1_279' title='bbox 857 3924 1016 3972; x_wconf 86' lang='lat' dir='ltr'><strong>opere</strong></span> <span class='ocrx_word' id='word_1_280' title='bbox 1037 3910 1102 3959; x_wconf 90' lang='lat' dir='ltr'><strong>P.</strong></span> <span class='ocrx_word' id='word_1_281' title='bbox 1119 3910 1334 3960; x_wconf 83' lang='lat' dir='ltr'><strong>Ciacco-</strong></span> 
     </span>
     <span class='ocr_line' id='line_1_41' title="bbox 267 3981 1336 4050; baseline 0.006 -21"><span class='ocrx_word' id='word_1_282' title='bbox 267 3981 385 4031; x_wconf 86' lang='lat' dir='ltr'><strong>nius</strong></span> <span class='ocrx_word' id='word_1_283' title='bbox 398 3984 676 4047; x_wconf 85' lang='lat' dir='ltr'><strong>explicuit.</strong></span> <span class='ocrx_word' id='word_1_284' title='bbox 724 3985 785 4034; x_wconf 88' lang='lat' dir='ltr'><strong>C.</strong></span> <span class='ocrx_word' id='word_1_285' title='bbox 802 3985 1023 4035; x_wconf 83' lang='lat' dir='ltr'><strong>Duillius</strong></span> <span class='ocrx_word' id='word_1_286' title='bbox 1041 3986 1336 4050; x_wconf 82' lang='lat' dir='ltr'><strong>appellatur</strong></span> 
     </span>
     <span class='ocr_line' id='line_1_42' title="bbox 269 4056 1336 4125; baseline 0.002 -19"><span class='ocrx_word' id='word_1_287' title='bbox 269 4071 302 4106; x_wconf 72' lang='lat' dir='ltr'><strong>a</strong></span> <span class='ocrx_word' id='word_1_288' title='bbox 321 4056 513 4108; x_wconf 80' lang='lat' dir='ltr'><strong>Tacito</strong></span> <span class='ocrx_word' id='word_1_289' title='bbox 537 4074 746 4124; x_wconf 88' lang='lat' dir='ltr'><strong>quoque</strong></span> <span class='ocrx_word' id='word_1_290' title='bbox 783 4060 976 4111; x_wconf 85' lang='lat' dir='ltr'><strong>Annal.</strong></span> <span class='ocrx_word' id='word_1_291' title='bbox 1001 4076 1067 4111; x_wconf 85' lang='lat'><strong>11.</strong></span> <span class='ocrx_word' id='word_1_292' title='bbox 1100 4077 1220 4125; x_wconf 83' lang='lat' dir='ltr'><strong>pag.</strong></span> <span class='ocrx_word' id='word_1_293' title='bbox 1254 4068 1336 4114; x_wconf 85' lang='lat'><strong>66.</strong></span> 
     </span>
     <span class='ocr_line' id='line_1_43' title="bbox 268 4134 1330 4198; baseline 0.004 -15"><span class='ocrx_word' id='word_1_294' title='bbox 268 4139 326 4183; x_wconf 73' lang='lat' dir='ltr'><strong>et</strong></span> <span class='ocrx_word' id='word_1_295' title='bbox 359 4134 410 4182; x_wconf 85' lang='lat' dir='ltr'><strong>ln</strong></span> <span class='ocrx_word' id='word_1_296' title='bbox 445 4135 691 4198; x_wconf 84' lang='lat' dir='ltr'><strong>Epitome</strong></span> <span class='ocrx_word' id='word_1_297' title='bbox 724 4135 858 4186; x_wconf 83' lang='lat' dir='ltr'><strong>Livii</strong></span> <span class='ocrx_word' id='word_1_298' title='bbox 893 4137 984 4188; x_wconf 89' lang='lat' dir='ltr'><strong>lib.</strong></span> <span class='ocrx_word' id='word_1_299' title='bbox 1009 4151 1150 4187; x_wconf 82' lang='lat' dir='ltr'><strong>xvn.</strong></span> <span class='ocrx_word' id='word_1_300' title='bbox 1184 4146 1239 4188; x_wconf 82' lang='lat' dir='ltr'><strong>et</strong></span> <span class='ocrx_word' id='word_1_301' title='bbox 1277 4140 1330 4187; x_wconf 90' lang='lat' dir='ltr'><strong>in</strong></span> 
     </span>
     <span class='ocr_line' id='line_1_44' title="bbox 267 4208 1329 4278; baseline 0.008 -22"><span class='ocrx_word' id='word_1_302' title='bbox 267 4208 442 4272; x_wconf 75' lang='lat' dir='ltr'><strong>lapide</strong></span> <span class='ocrx_word' id='word_1_303' title='bbox 465 4211 784 4275; x_wconf 85' lang='lat' dir='ltr'><strong>Capitolino,</strong></span> <span class='ocrx_word' id='word_1_304' title='bbox 806 4211 944 4276; x_wconf 87' lang='lat' dir='ltr'><strong>apud</strong></span> <span class='ocrx_word' id='word_1_305' title='bbox 970 4213 1186 4264; x_wconf 84' lang='lat' dir='ltr'><strong>Gruter.</strong></span> <span class='ocrx_word' id='word_1_306' title='bbox 1211 4230 1329 4278; x_wconf 86' lang='lat' dir='ltr'><strong>pag.</strong></span> 
     </span>
     <span class='ocr_line' id='line_1_45' title="bbox 267 4286 1330 4353; baseline 0.007 -18"><span class='ocrx_word' id='word_1_307' title='bbox 267 4288 384 4337; x_wconf 77' lang='lat'><strong>2⁹7.</strong></span> <span class='ocrx_word' id='word_1_308' title='bbox 450 4286 586 4337; x_wconf 88' lang='lat' dir='ltr'><strong>Sunt</strong></span> <span class='ocrx_word' id='word_1_309' title='bbox 612 4287 939 4340; x_wconf 82' lang='lat' dir='ltr'><strong>nihilominus</strong></span> <span class='ocrx_word' id='word_1_310' title='bbox 974 4290 1061 4353; x_wconf 87' lang='lat' dir='ltr'><strong>qui</strong></span> <span class='ocrx_word' id='word_1_311' title='bbox 1102 4291 1155 4339; x_wconf 89' lang='lat' dir='ltr'><strong>in</strong></span> <span class='ocrx_word' id='word_1_312' title='bbox 1188 4296 1330 4342; x_wconf 79' lang='lat' dir='ltr'><strong>vete·</strong></span> 
     </span>
    </p>
   </div>
   <div class='ocr_carea' id='block_1_10' title="bbox 1408 2240 2492 4262">
    <p class='ocr_par' dir='ltr' id='par_1_13' title="bbox 1418 2240 2483 2458">
     <span class='ocr_line' id='line_1_46' title="bbox 1419 2240 2482 2304; baseline -0.001 -14"><span class='ocrx_word' id='word_1_313' title='bbox 1419 2242 1578 2291; x_wconf 81' lang='lat' dir='ltr'><strong>scribi</strong></span> <span class='ocrx_word' id='word_1_314' title='bbox 1620 2240 1897 2304; x_wconf 82' lang='lat' dir='ltr'><strong>affirment,</strong></span> <span class='ocrx_word' id='word_1_315' title='bbox 1944 2246 2007 2290; x_wconf 92' lang='lat' dir='ltr'><strong>ut</strong></span> <span class='ocrx_word' id='word_1_316' title='bbox 2051 2240 2338 2303; x_wconf 68' lang='lat' dir='ltr'><strong>Caesonem,</strong></span> <span class='ocrx_word' id='word_1_317' title='bbox 2378 2253 2482 2290; x_wconf 89' lang='lat' dir='ltr'><strong>non</strong></span> 
     </span>
     <span class='ocr_line' id='line_1_47' title="bbox 1419 2314 2483 2380; baseline -0.004 -13"><span class='ocrx_word' id='word_1_318' title='bbox 1419 2317 1621 2372; x_wconf 86' lang='lat' dir='ltr'><strong>Caium,</strong></span> <span class='ocrx_word' id='word_1_319' title='bbox 1661 2331 1956 2380; x_wconf 75' lang='lat' dir='ltr'><strong>praenomen</strong></span> <span class='ocrx_word' id='word_1_320' title='bbox 1980 2314 2143 2365; x_wconf 87' lang='lat' dir='ltr'><strong>fuisse</strong></span> <span class='ocrx_word' id='word_1_321' title='bbox 2179 2315 2230 2364; x_wconf 82' lang='lat' dir='ltr'><strong>ei</strong></span> <span class='ocrx_word' id='word_1_322' title='bbox 2261 2315 2483 2379; x_wconf 83' lang='lat' dir='ltr'><strong>intelligi</strong></span> 
     </span>
     <span class='ocr_line' id='line_1_48' title="bbox 1418 2391 2450 2458; baseline -0.002 -15"><span class='ocrx_word' id='word_1_323' title='bbox 1418 2399 1693 2457; x_wconf 84' lang='lat' dir='ltr'><strong>oporteat:</strong></span> <span class='ocrx_word' id='word_1_324' title='bbox 1716 2394 1901 2458; x_wconf 87' lang='lat' dir='ltr'><strong>quibus</strong></span> <span class='ocrx_word' id='word_1_325' title='bbox 1924 2399 1979 2441; x_wconf 90' lang='lat' dir='ltr'><strong>et</strong></span> <span class='ocrx_word' id='word_1_326' title='bbox 2004 2407 2096 2441; x_wconf 90' lang='lat' dir='ltr'><strong>nos</strong></span> <span class='ocrx_word' id='word_1_327' title='bbox 2118 2391 2450 2441; x_wconf 75' lang='lat' dir='ltr'><strong>assentimur.</strong></span> 
     </span>
    </p>

    <p class='ocr_par' dir='ltr' id='par_1_14' title="bbox 1417 2468 2483 2685">
     <span class='ocr_line' id='line_1_49' title="bbox 1482 2468 2483 2532; baseline -0.001 -14"><span class='ocrx_word' id='word_1_328' title='bbox 1482 2479 1506 2504; x_wconf 64' lang='grc' dir='ltr'>θ</span> <span class='ocrx_word' id='word_1_329' title='bbox 1539 2471 1663 2520; x_wconf 82' lang='lat' dir='ltr'><strong>Item</strong></span> <span class='ocrx_word' id='word_1_330' title='bbox 1680 2471 1747 2519; x_wconf 93' lang='lat' dir='ltr'><strong>P.</strong></span> <span class='ocrx_word' id='word_1_331' title='bbox 1765 2469 2007 2532; x_wconf 80' lang='lat' dir='ltr'><strong>Minucio]</strong></span> <span class='ocrx_word' id='word_1_332' title='bbox 2033 2468 2245 2518; x_wconf 89' lang='lat' dir='ltr'><strong>Lucium</strong></span> <span class='ocrx_word' id='word_1_333' title='bbox 2265 2468 2483 2517; x_wconf 83' lang='lat' dir='ltr'><strong>vidimus</strong></span> 
     </span>
     <span class='ocr_line' id='line_1_50' title="bbox 1419 2542 2481 2610; baseline 0 -17"><span class='ocrx_word' id='word_1_334' title='bbox 1419 2547 1740 2610; x_wconf 85' lang='lat' dir='ltr'><strong>appellatum</strong></span> <span class='ocrx_word' id='word_1_335' title='bbox 1762 2545 1997 2608; x_wconf 84' lang='lat' dir='ltr'><strong>superius</strong></span> <span class='ocrx_word' id='word_1_336' title='bbox 2024 2555 2189 2592; x_wconf 83' lang='lat' dir='ltr'><strong>xvtu.</strong></span> <span class='ocrx_word' id='word_1_337' title='bbox 2212 2547 2263 2595; x_wconf 89' lang='grc'><strong>4.</strong></span> <span class='ocrx_word' id='word_1_338' title='bbox 2285 2542 2373 2592; x_wconf 89' lang='lat' dir='ltr'><strong>ubi</strong></span> <span class='ocrx_word' id='word_1_339' title='bbox 2399 2557 2481 2593; x_wconf 88' lang='lat' dir='ltr'><strong>res</strong></span> 
     </span>
     <span class='ocr_line' id='line_1_51' title="bbox 1417 2619 1994 2685; baseline 0 -16"><span class='ocrx_word' id='word_1_340' title='bbox 1417 2620 1600 2669; x_wconf 84' lang='lat' dir='ltr'><strong>eadem</strong></span> <span class='ocrx_word' id='word_1_341' title='bbox 1614 2622 1723 2685; x_wconf 87' lang='lat' dir='ltr'><strong>jam</strong></span> <span class='ocrx_word' id='word_1_342' title='bbox 1744 2619 1994 2669; x_wconf 82' lang='lat' dir='ltr'><strong>delibata.</strong></span> 
     </span>
    </p>

    <p class='ocr_par' dir='ltr' id='par_1_15' title="bbox 1408 2694 2492 3971">
     <span class='ocr_line' id='line_1_52' title="bbox 1482 2694 2482 2759; baseline 0 -14"><span class='ocrx_word' id='word_1_343' title='bbox 1482 2694 1501 2728; x_wconf 75' lang='lat' dir='ltr'>f</span> <span class='ocrx_word' id='word_1_344' title='bbox 1536 2696 1769 2745; x_wconf 78' lang='lat' dir='ltr'><strong>Unciart&#39;a</strong></span> <span class='ocrx_word' id='word_1_345' title='bbox 1790 2694 1935 2759; x_wconf 78' lang='lat' dir='ltr'><strong>stipe]</strong></span> <span class='ocrx_word' id='word_1_346' title='bbox 1973 2695 2124 2744; x_wconf 84' lang='lat' dir='ltr'><strong>AEreo</strong></span> <span class='ocrx_word' id='word_1_347' title='bbox 2146 2709 2376 2758; x_wconf 89' lang='lat' dir='ltr'><strong>nummo,</strong></span> <span class='ocrx_word' id='word_1_348' title='bbox 2393 2710 2482 2745; x_wconf 89' lang='lat' dir='ltr'><strong>cu·</strong></span> 
     </span>
     <span class='ocr_line' id='line_1_53' title="bbox 1408 2770 2480 2834; baseline 0.004 -17"><span class='ocrx_word' id='word_1_349' title='bbox 1408 2770 1497 2833; x_wconf 82' lang='lat' dir='ltr'><strong>jus</strong></span> <span class='ocrx_word' id='word_1_350' title='bbox 1531 2772 1756 2834; x_wconf 87' lang='lat' dir='ltr'><strong>pretium</strong></span> <span class='ocrx_word' id='word_1_351' title='bbox 1789 2771 1929 2821; x_wconf 87' lang='lat' dir='ltr'><strong>foret</strong></span> <span class='ocrx_word' id='word_1_352' title='bbox 1952 2771 2195 2822; x_wconf 82' lang='lat' dir='ltr'><strong>dimidius</strong></span> <span class='ocrx_word' id='word_1_353' title='bbox 2221 2787 2303 2821; x_wconf 81' lang='lat' dir='ltr'><strong>as:</strong></span> <span class='ocrx_word' id='word_1_354' title='bbox 2340 2787 2480 2830; x_wconf 83' lang='lat' dir='ltr'><strong>asses</strong></span> 
     </span>
     <span class='ocr_line' id='line_1_54' title="bbox 1417 2846 2482 2911; baseline 0.003 -18"><span class='ocrx_word' id='word_1_355' title='bbox 1417 2846 1553 2895; x_wconf 88' lang='lat' dir='ltr'><strong>enim</strong></span> <span class='ocrx_word' id='word_1_356' title='bbox 1580 2851 1687 2896; x_wconf 88' lang='lat' dir='ltr'><strong>tum</strong></span> <span class='ocrx_word' id='word_1_357' title='bbox 1712 2848 2034 2897; x_wconf 83' lang='lat' dir='ltr'><strong>sextantario</strong></span> <span class='ocrx_word' id='word_1_358' title='bbox 2059 2848 2291 2911; x_wconf 85' lang='lat' dir='ltr'><strong>pondere</strong></span> <span class='ocrx_word' id='word_1_359' title='bbox 2324 2846 2482 2897; x_wconf 83' lang='lat' dir='ltr'><strong>ferie-</strong></span> 
     </span>
     <span class='ocr_line' id='line_1_55' title="bbox 1414 2920 2481 2986; baseline 0.003 -16"><span class='ocrx_word' id='word_1_360' title='bbox 1414 2920 1623 2986; x_wconf 84' lang='lat' dir='ltr'><strong>bantur,</strong></span> <span class='ocrx_word' id='word_1_361' title='bbox 1642 2923 1907 2973; x_wconf 85' lang='lat' dir='ltr'><strong>utdictum</strong></span> <span class='ocrx_word' id='word_1_362' title='bbox 1925 2929 2007 2973; x_wconf 83' lang='lat' dir='ltr'><strong>est</strong></span> <span class='ocrx_word' id='word_1_363' title='bbox 2025 2936 2233 2972; x_wconf 82' lang='lat' dir='ltr'><strong>xxxm.</strong></span> <span class='ocrx_word' id='word_1_364' title='bbox 2252 2928 2331 2973; x_wconf 69' lang='lat'><strong>13.</strong></span> <span class='ocrx_word' id='word_1_365' title='bbox 2375 2922 2481 2973; x_wconf 88' lang='lat' dir='ltr'><strong>Hic</strong></span> 
     </span>
     <span class='ocr_line' id='line_1_56' title="bbox 1417 2997 2481 3047; baseline 0.002 -3"><span class='ocrx_word' id='word_1_366' title='bbox 1417 2997 1589 3046; x_wconf 86' lang='lat' dir='ltr'><strong>obiter</strong></span> <span class='ocrx_word' id='word_1_367' title='bbox 1623 2998 1895 3047; x_wconf 84' lang='lat' dir='ltr'><strong>annotabis</strong></span> <span class='ocrx_word' id='word_1_368' title='bbox 1933 2998 2267 3047; x_wconf 87' lang='lat' dir='ltr'><strong>Eminentiss.</strong></span> <span class='ocrx_word' id='word_1_369' title='bbox 2304 2998 2481 3047; x_wconf 87' lang='lat' dir='ltr'><strong>Anna·</strong></span> 
     </span>
     <span class='ocr_line' id='line_1_57' title="bbox 1414 3072 2480 3138; baseline -0.002 -15"><span class='ocrx_word' id='word_1_370' title='bbox 1414 3073 1537 3123; x_wconf 86' lang='lat' dir='ltr'><strong>lium</strong></span> <span class='ocrx_word' id='word_1_371' title='bbox 1563 3075 1831 3138; x_wconf 86' lang='lat' dir='ltr'><strong>scriptoris</strong></span> <span class='ocrx_word' id='word_1_372' title='bbox 1855 3072 2119 3138; x_wconf 80' lang='grc' dir='ltr'><strong><em>ἆμάρτημα,</em></strong></span> <span class='ocrx_word' id='word_1_373' title='bbox 2153 3073 2216 3120; x_wconf 85' lang='lat' dir='ltr'><strong>ad</strong></span> <span class='ocrx_word' id='word_1_374' title='bbox 2249 3086 2331 3122; x_wconf 89' lang='lat' dir='ltr'><strong>an.</strong></span> <span class='ocrx_word' id='word_1_375' title='bbox 2355 3073 2480 3123; x_wconf 83' lang='lat' dir='ltr'><strong>Chr.</strong></span> 
     </span>
     <span class='ocr_line' id='line_1_58' title="bbox 1414 3146 2480 3199; baseline -0.001 -1"><span class='ocrx_word' id='word_1_376' title='bbox 1414 3153 1498 3198; x_wconf 84' lang='grc'><strong>69.</strong></span> <span class='ocrx_word' id='word_1_377' title='bbox 1522 3164 1661 3199; x_wconf 84' lang='grc' dir='ltr'>ιιιιιιι.</span> <span class='ocrx_word' id='word_1_378' title='bbox 1689 3154 1740 3198; x_wconf 87' lang='grc'><strong>9.</strong></span> <span class='ocrx_word' id='word_1_379' title='bbox 1763 3148 1851 3198; x_wconf 92' lang='lat' dir='ltr'><strong>ubi</strong></span> <span class='ocrx_word' id='word_1_380' title='bbox 1875 3148 2036 3198; x_wconf 83' lang='lat' dir='ltr'><strong>Guiil.</strong></span> <span class='ocrx_word' id='word_1_381' title='bbox 2061 3146 2367 3197; x_wconf 83' lang='lat' dir='ltr'><strong>Godelevaei</strong></span> <span class='ocrx_word' id='word_1_382' title='bbox 2391 3162 2480 3197; x_wconf 89' lang='lat' dir='ltr'><strong>no-</strong></span> 
     </span>
     <span class='ocr_line' id='line_1_59' title="bbox 1417 3222 2492 3285; baseline -0.001 -13"><span class='ocrx_word' id='word_1_383' title='bbox 1417 3229 1496 3273; x_wconf 84' lang='lat' dir='ltr'><strong>tas</strong></span> <span class='ocrx_word' id='word_1_384' title='bbox 1521 3226 1572 3273; x_wconf 88' lang='lat' dir='ltr'><strong>in</strong></span> <span class='ocrx_word' id='word_1_385' title='bbox 1598 3225 1802 3274; x_wconf 87' lang='lat' dir='ltr'><strong>Livium</strong></span> <span class='ocrx_word' id='word_1_386' title='bbox 1840 3230 2074 3285; x_wconf 84' lang='lat' dir='ltr'><strong>secutus,</strong></span> <span class='ocrx_word' id='word_1_387' title='bbox 2108 3236 2175 3273; x_wconf 82' lang='lat' dir='ltr'><strong>ex</strong></span> <span class='ocrx_word' id='word_1_388' title='bbox 2198 3223 2296 3273; x_wconf 84' lang='lat' dir='ltr'><strong>hoc</strong></span> <span class='ocrx_word' id='word_1_389' title='bbox 2318 3222 2492 3273; x_wconf 63' lang='lat' dir='ltr'><strong>Plinii,</strong></span> 
     </span>
     <span class='ocr_line' id='line_1_60' title="bbox 1417 3297 2481 3366; baseline -0.001 -18"><span class='ocrx_word' id='word_1_390' title='bbox 1417 3298 1718 3349; x_wconf 87' lang='lat' dir='ltr'><strong>testimonio</strong></span> <span class='ocrx_word' id='word_1_391' title='bbox 1740 3297 1946 3348; x_wconf 83' lang='lat' dir='ltr'><strong>efficere</strong></span> <span class='ocrx_word' id='word_1_392' title='bbox 1981 3298 2186 3366; x_wconf 84' lang='lat' dir='ltr'><strong>nititur,</strong></span> <span class='ocrx_word' id='word_1_393' title='bbox 2217 3298 2481 3348; x_wconf 86' lang='lat' dir='ltr'><strong>mendicos</strong></span> 
     </span>
     <span class='ocr_line' id='line_1_61' title="bbox 1416 3373 2481 3439; baseline -0.001 -16"><span class='ocrx_word' id='word_1_394' title='bbox 1416 3374 1648 3439; x_wconf 82' lang='lat' dir='ltr'><strong>vilesque</strong></span> <span class='ocrx_word' id='word_1_395' title='bbox 1681 3388 1929 3437; x_wconf 86' lang='lat' dir='ltr'><strong>personas</strong></span> <span class='ocrx_word' id='word_1_396' title='bbox 1962 3373 2028 3423; x_wconf 84' lang='lat' dir='ltr'><strong>ad</strong></span> <span class='ocrx_word' id='word_1_397' title='bbox 2065 3379 2264 3437; x_wconf 84' lang='lat' dir='ltr'><strong>portam</strong></span> <span class='ocrx_word' id='word_1_398' title='bbox 2298 3374 2481 3437; x_wconf 83' lang='lat' dir='ltr'><strong>Trige·</strong></span> 
     </span>
     <span class='ocr_line' id='line_1_62' title="bbox 1414 3450 2481 3515; baseline 0 -15"><span class='ocrx_word' id='word_1_399' title='bbox 1414 3452 1603 3500; x_wconf 81' lang='lat' dir='ltr'><strong>minam</strong></span> <span class='ocrx_word' id='word_1_400' title='bbox 1640 3451 1920 3502; x_wconf 84' lang='lat' dir='ltr'><strong>convenire</strong></span> <span class='ocrx_word' id='word_1_401' title='bbox 1956 3450 2156 3514; x_wconf 86' lang='lat' dir='ltr'><strong>solitos,</strong></span> <span class='ocrx_word' id='word_1_402' title='bbox 2193 3458 2252 3501; x_wconf 89' lang='lat' dir='ltr'><strong>ut</strong></span> <span class='ocrx_word' id='word_1_403' title='bbox 2288 3451 2481 3515; x_wconf 88' lang='lat' dir='ltr'><strong>stipem</strong></span> 
     </span>
     <span class='ocr_line' id='line_1_63' title="bbox 1413 3525 2471 3592; baseline -0.004 -14"><span class='ocrx_word' id='word_1_404' title='bbox 1413 3535 1657 3592; x_wconf 78' lang='lat' dir='ltr'><strong>rogarent</strong></span> <span class='ocrx_word' id='word_1_405' title='bbox 1679 3547 1695 3589; x_wconf 91' lang='lat'>;</span> <span class='ocrx_word' id='word_1_406' title='bbox 1744 3542 1860 3578; x_wconf 89' lang='lat' dir='ltr'><strong>cum</strong></span> <span class='ocrx_word' id='word_1_407' title='bbox 1908 3527 2034 3577; x_wconf 86' lang='lat' dir='ltr'><strong>nihil</strong></span> <span class='ocrx_word' id='word_1_408' title='bbox 2079 3525 2283 3577; x_wconf 82' lang='lat' dir='ltr'><strong>Plinius</strong></span> <span class='ocrx_word' id='word_1_409' title='bbox 2330 3525 2471 3575; x_wconf 85' lang='lat' dir='ltr'><strong>aliud</strong></span> 
     </span>
     <span class='ocr_line' id='line_1_64' title="bbox 1414 3604 2476 3672; baseline -0.005 -17"><span class='ocrx_word' id='word_1_410' title='bbox 1414 3607 1563 3669; x_wconf 86' lang='lat' dir='ltr'><strong>velit,</strong></span> <span class='ocrx_word' id='word_1_411' title='bbox 1592 3621 1747 3672; x_wconf 85' lang='lat' dir='ltr'><strong>quam</strong></span> <span class='ocrx_word' id='word_1_412' title='bbox 1769 3606 1909 3669; x_wconf 83' lang='lat' dir='ltr'><strong>stipe</strong></span> <span class='ocrx_word' id='word_1_413' title='bbox 1943 3604 2153 3654; x_wconf 89' lang='lat' dir='ltr'><strong>honoris</strong></span> <span class='ocrx_word' id='word_1_414' title='bbox 2178 3618 2338 3654; x_wconf 80' lang='lat' dir='ltr'><strong>causa</strong></span> <span class='ocrx_word' id='word_1_415' title='bbox 2371 3604 2476 3652; x_wconf 88' lang='lat' dir='ltr'><strong>col-</strong></span> 
     </span>
     <span class='ocr_line' id='line_1_65' title="bbox 1411 3678 2476 3746; baseline -0.006 -15"><span class='ocrx_word' id='word_1_416' title='bbox 1411 3683 1541 3745; x_wconf 84' lang='lat' dir='ltr'><strong>lata,</strong></span> <span class='ocrx_word' id='word_1_417' title='bbox 1561 3688 1712 3733; x_wconf 81' lang='lat' dir='ltr'><strong>extra</strong></span> <span class='ocrx_word' id='word_1_418' title='bbox 1732 3688 1940 3746; x_wconf 87' lang='lat' dir='ltr'><strong>portam</strong></span> <span class='ocrx_word' id='word_1_419' title='bbox 1962 3679 2310 3744; x_wconf 77' lang='lat' dir='ltr'><strong>Trigeminam</strong></span> <span class='ocrx_word' id='word_1_420' title='bbox 2333 3678 2476 3726; x_wconf 81' lang='lat' dir='ltr'><strong>Prae-</strong></span> 
     </span>
     <span class='ocr_line' id='line_1_66' title="bbox 1409 3751 2477 3822; baseline -0.007 -14"><span class='ocrx_word' id='word_1_421' title='bbox 1409 3757 1553 3808; x_wconf 81' lang='lat' dir='ltr'><strong>fecto</strong></span> <span class='ocrx_word' id='word_1_422' title='bbox 1569 3772 1786 3808; x_wconf 80' lang='lat' dir='ltr'><strong>aunouae</strong></span> <span class='ocrx_word' id='word_1_423' title='bbox 1813 3753 2035 3822; x_wconf 80' lang='lat' dir='ltr'><strong>positam</strong></span> <span class='ocrx_word' id='word_1_424' title='bbox 2053 3761 2281 3805; x_wconf 87' lang='lat' dir='ltr'><strong>statuam</strong></span> <span class='ocrx_word' id='word_1_425' title='bbox 2300 3751 2477 3802; x_wconf 84' lang='lat' dir='ltr'><strong>fuisse.</strong></span> 
     </span>
     <span class='ocr_line' id='line_1_67' title="bbox 1410 3828 2476 3897; baseline -0.006 -14"><span class='ocrx_word' id='word_1_426' title='bbox 1410 3832 1652 3897; x_wconf 80' lang='lat' dir='ltr'><strong>Augusto</strong></span> <span class='ocrx_word' id='word_1_427' title='bbox 1670 3833 1770 3896; x_wconf 90' lang='lat' dir='ltr'><strong>ipsi</strong></span> <span class='ocrx_word' id='word_1_428' title='bbox 1789 3832 2028 3895; x_wconf 90' lang='lat' dir='ltr'><strong>Principi</strong></span> <span class='ocrx_word' id='word_1_429' title='bbox 2050 3830 2238 3894; x_wconf 83' lang='lat' dir='ltr'><strong>stipem</strong></span> <span class='ocrx_word' id='word_1_430' title='bbox 2258 3828 2476 3878; x_wconf 86' lang='lat' dir='ltr'><strong>vidimus</strong></span> 
     </span>
     <span class='ocr_line' id='line_1_68' title="bbox 1411 3909 2213 3971; baseline -0.006 -10"><span class='ocrx_word' id='word_1_431' title='bbox 1411 3925 1523 3961; x_wconf 84' lang='lat' dir='ltr'><strong>esse</strong></span> <span class='ocrx_word' id='word_1_432' title='bbox 1546 3912 1786 3961; x_wconf 84' lang='lat' dir='ltr'><strong>collatam</strong></span> <span class='ocrx_word' id='word_1_433' title='bbox 1812 3909 1903 3959; x_wconf 87' lang='lat' dir='ltr'><strong>lib.</strong></span> <span class='ocrx_word' id='word_1_434' title='bbox 1924 3923 2041 3971; x_wconf 90' lang='lat' dir='ltr'><strong>sup.</strong></span> <span class='ocrx_word' id='word_1_435' title='bbox 2063 3922 2109 3957; x_wconf 87' lang='lat' dir='ltr'><strong>c.</strong></span> <span class='ocrx_word' id='word_1_436' title='bbox 2128 3910 2213 3956; x_wconf 85' lang='grc'><strong>48.</strong></span> 
     </span>
    </p>

    <p class='ocr_par' dir='ltr' id='par_1_16' title="bbox 1411 3982 2474 4262">
     <span class='ocr_line' id='line_1_69' title="bbox 1471 3982 2470 4046; baseline -0.004 -10"><span class='ocrx_word' id='word_1_437' title='bbox 1471 3995 1498 4030; x_wconf 73' lang='lat'><em>8</em></span> <span class='ocrx_word' id='word_1_438' title='bbox 1532 3986 1646 4037; x_wconf 74' lang='lat' dir='ltr'><strong>Atti</strong></span> <span class='ocrx_word' id='word_1_439' title='bbox 1675 3984 1848 4046; x_wconf 72' lang='lat' dir='ltr'><strong>Nonii]</strong></span> <span class='ocrx_word' id='word_1_440' title='bbox 1880 3983 2120 4033; x_wconf 82' lang='lat' dir='ltr'><strong>Diximus</strong></span> <span class='ocrx_word' id='word_1_441' title='bbox 2155 3982 2222 4031; x_wconf 86' lang='lat' dir='ltr'><strong>de</strong></span> <span class='ocrx_word' id='word_1_442' title='bbox 2257 3996 2321 4031; x_wconf 92' lang='lat' dir='ltr'><strong>eo</strong></span> <span class='ocrx_word' id='word_1_443' title='bbox 2355 3995 2470 4044; x_wconf 85' lang='lat' dir='ltr'><strong>sup.</strong></span> 
     </span>
     <span class='ocr_line' id='line_1_70' title="bbox 1411 4056 2474 4126; baseline -0.007 -16"><span class='ocrx_word' id='word_1_444' title='bbox 1411 4074 1503 4113; x_wconf 81' lang='lat' dir='ltr'><strong>xv.</strong></span> <span class='ocrx_word' id='word_1_445' title='bbox 1520 4065 1601 4111; x_wconf 82' lang='lat'><strong>20.</strong></span> <span class='ocrx_word' id='word_1_446' title='bbox 1624 4058 1863 4126; x_wconf 77' lang='lat' dir='ltr'><strong>Auguris</strong></span> <span class='ocrx_word' id='word_1_447' title='bbox 1876 4056 1996 4120; x_wconf 88' lang='lat' dir='ltr'><strong>fuit,</strong></span> <span class='ocrx_word' id='word_1_448' title='bbox 2010 4056 2280 4120; x_wconf 80' lang='lat' dir='ltr'><strong>Tarquinii</strong></span> <span class='ocrx_word' id='word_1_449' title='bbox 2299 4056 2474 4104; x_wconf 85' lang='lat' dir='ltr'><strong>Prisci</strong></span> 
     </span>
     <span class='ocr_line' id='line_1_71' title="bbox 1413 4133 2470 4198; baseline -0.008 -11"><span class='ocrx_word' id='word_1_450' title='bbox 1413 4152 1545 4198; x_wconf 79' lang='lat' dir='ltr'><strong>sevo,</strong></span> <span class='ocrx_word' id='word_1_451' title='bbox 1576 4142 1633 4185; x_wconf 86' lang='lat' dir='ltr'><strong>ut</strong></span> <span class='ocrx_word' id='word_1_452' title='bbox 1656 4134 1831 4184; x_wconf 83' lang='lat' dir='ltr'><strong>Livius</strong></span> <span class='ocrx_word' id='word_1_453' title='bbox 1863 4134 2026 4183; x_wconf 72' lang='lat' dir='ltr'><strong>refert</strong></span> <span class='ocrx_word' id='word_1_454' title='bbox 2054 4133 2144 4182; x_wconf 84' lang='lat' dir='ltr'><strong>lib.</strong></span> <span class='ocrx_word' id='word_1_455' title='bbox 2169 4145 2208 4182; x_wconf 84' lang='lat'><strong>1.</strong></span> <span class='ocrx_word' id='word_1_456' title='bbox 2243 4145 2364 4194; x_wconf 81' lang='lat' dir='ltr'><strong>pag.</strong></span> <span class='ocrx_word' id='word_1_457' title='bbox 2391 4135 2470 4179; x_wconf 87' lang='grc'><strong>14.</strong></span> 
     </span>
     <span class='ocr_line' id='line_1_72' title="bbox 1413 4204 2468 4262; baseline -0.007 -1"><span class='ocrx_word' id='word_1_458' title='bbox 1413 4211 1570 4262; x_wconf 86' lang='lat' dir='ltr'><strong>Hunc</strong></span> <span class='ocrx_word' id='word_1_459' title='bbox 1605 4211 1858 4260; x_wconf 82' lang='lat' dir='ltr'><strong>novacula</strong></span> <span class='ocrx_word' id='word_1_460' title='bbox 1896 4215 2066 4260; x_wconf 86' lang='lat' dir='ltr'><strong>cotem</strong></span> <span class='ocrx_word' id='word_1_461' title='bbox 2103 4206 2371 4256; x_wconf 81' lang='lat' dir='ltr'><strong>discidisse</strong></span> <span class='ocrx_word' id='word_1_462' title='bbox 2392 4204 2468 4255; x_wconf 87' lang='lat' dir='ltr'><strong>fe-</strong></span> 
     </span>
    </p>
   </div>
   <div class='ocr_carea' id='block_1_11' title="bbox 1412 4282 2466 4352">
    <p class='ocr_par' dir='ltr' id='par_1_17' title="bbox 1412 4282 2466 4352">
     <span class='ocr_line' id='line_1_73' title="bbox 1412 4282 2466 4352; baseline -0.008 -12"><span class='ocrx_word' id='word_1_463' title='bbox 1412 4297 1553 4341; x_wconf 88' lang='lat' dir='ltr'><strong>runt.</strong></span> <span class='ocrx_word' id='word_1_464' title='bbox 1587 4287 1603 4316; x_wconf 86' lang='lat'>‘</span> <span class='ocrx_word' id='word_1_465' title='bbox 1622 4289 1809 4340; x_wconf 73' lang='lat' dir='ltr'><strong>Statua</strong></span> <span class='ocrx_word' id='word_1_466' title='bbox 1831 4284 1947 4340; x_wconf 82' lang='lat' dir='ltr'><strong>Atti</strong></span> <span class='ocrx_word' id='word_1_467' title='bbox 1968 4284 2177 4352; x_wconf 56' lang='lat' dir='ltr'><strong>posita}</strong></span> <span class='ocrx_word' id='word_1_468' title='bbox 2197 4282 2367 4351; x_wconf 83' lang='lat' dir='ltr'><strong>lnquit</strong></span> <span class='ocrx_word' id='word_1_469' title='bbox 2383 4282 2466 4332; x_wconf 80' lang='lat' dir='ltr'><strong>Ll-</strong></span> 
     </span>
    </p>
   </div>
  </div>
 </body>
</html>
