3000 4917
1203 414 1651 466 Avo‘roaum.
2349 407 2523 472 4907

382 548 666 618 Antigenes.
734 555 806 605 Et
827 554 912 605 hic
935 568 967 604 a
989 518 1272 609 Plutarcho
1291 557 1409 608 loco
1432 557 1668 621 proxime
1684 556 1848 610 citato
1866 560 2002 612 inter
2024 560 2307 627 scriptores
2327 564 2517 615 Rerum

317 633 607 684 Alexandri
631 636 710 685 Μ.
735 635 1047 686 nominatur.

380 714 659 778 Antigonus
685 716 925 780 Cymoeus.
993 716 1179 767 Patria
1215 718 1265 767 ei
1304 718 1465 783 Cyme
1495 718 1710 769 AEolidis
1748 718 1885 771 fuit·
1922 722 2061 773 unde
2098 736 2400 788 cognomen
2465 723 2515 774 A

315 794 556 845 Varrone
580 804 636 847 et
662 796 948 847 Columella
970 794 1035 848 ‹i'e
1057 796 1140 847 Re
1159 799 1309 849 Rust.
1332 800 1373 851 ι’.
1398 804 1443 850 1.
1476 798 1618 855 inter
1653 802 1937 866 scriptores
1964 802 2063 854 Rei
2087 802 2322 854 Rusticus
2355 818 2517 855 anuu-

314 884 570 927 me-ratns.
640 878 737 926 Est
758 884 815 929 et
836 878 970 928 alter
990 878 1222 942 ejusdem
1245 880 1467 930 nominis

380 955 675 1019 Antigonus,
694 973 844 1022 quem
868 958 936 1007 da
959 958 1236 1015 toreutice,
1258 960 1356 1009 hoc
1378 965 1478 1021 est,
1498 958 1565 1009 de
1597 959 1865 1011 caelatoria
1887 968 2020 1019 arte,
2043 962 2308 1027 scripsisse
2332 970 2515 1015 auctor

321 1042 405 1085 est
423 1036 626 1087 Plinius
650 1038 704 1087 in
723 1038 911 1088 Indice
932 1040 969 1089 l.
988 1051 1202 1089 xxxnr.
1255 1040 1526 1104 Carystius
1547 1039 1637 1090 ills
1660 1046 1764 1105 est,
1786 1041 1935 1105 cnjus
1957 1049 2140 1093 extant
2162 1044 2515 1096 Historiarum

317 1116 641 1168 Mirabilium
678 1118 1026 1170 Collectauea.
1091 1119 1250 1169 Hunc
1285 1119 1393 1183 περὶ
1421 1119 1647 1183 πινάκων,
1676 1120 1777 1172 hoc
1812 1129 1912 1179 est,
1933 1124 1992 1173 ds
2016 1122 2209 1173 Tabulis
2231 1125 2511 1189 pictorum,

312 1199 593 1262 scripsisse
622 1198 860 1250 Laertius
882 1200 934 1250 in
957 1200 1271 1266 Chrysippo,
1301 1215 1356 1265 p.
1373 1205 1490 1251 909.
1524 1202 1592 1251 de
1615 1201 1833 1253 Pictura
1854 1202 2055 1253 Plinius
2075 1203 2210 1253 idem
2233 1217 2408 1255 xxxv.
2429 1210 2512 1258 86.

309 1277 389 1327 de*
403 1286 519 1329 arte
542 1292 653 1340 sua,
686 1281 783 1329 hoc
808 1286 910 1345 est,
930 1281 996 1330 de
1017 1281 1300 1340 statuaria,
1321 1282 1458 1331 idem
1482 1294 1686 1333 xxxxv.
1708 1286 1789 1333 19.
1810 1283 1889 1351 ‘de
1914 1282 2154 1333 Historia
2174 1284 2364 1334 Italica
2385 1286 2510 1336 Fes-

303 1360 414 1418 tus,
439 1358 646 1409 verbo*
668 1360 885 1410 Romam
901 1359 939 1410 ι’
973 1360 1039 1410 de
1065 1361 1181 1411 aliis
1198 1361 1426 1426 denique
1449 1362 1540 1412 alii
1561 1360 1803 1413 fortassis
1827 1362 2174 1414 tradiderunt.

370 1441 647 1505 Antipater.
715 1442 908 1492 Lucius
934 1443 1129 1494 Caelius
1151 1441 1433 1508 Antipater
1455 1443 1628 1494 dictus
1653 1454 1765 1496 esta
1797 1451 1971 1495 certus
1992 1445 2235 1496 Romana!
2254 1445 2508 1497 Historias

305 1528 515 1584 auctor,
546 1520 713 1587 inquit
734 1523 910 1572 Valer.
934 1524 1078 1573 Max.
1102 1537 1142 1573 ι.
1160 1528 1210 1574 7.
1250 1538 1302 1587 p.
1324 1528 1407 1575 54.
1471 1525 1618 1575 Lucii
1641 1525 1814 1575 Crassi
1835 1525 2104 1590 magister,
2132 1526 2299 1591 inquit
2321 1527 2508 1577 Cicero

304 1602 360 1650 in
384 1602 574 1665 Bruto,
596 1616 649 1665 p.
671 1605 787 1652 545.
820 1602 1034 1667 scripsit
1055 1603 1316 1653 historiam
1353 1604 1418 1653 ad
1443 1605 1504 1654 1..
1530 1604 1719 1654 AElium
1741 1605 2014 1667 Stilonem,
2052 1606 2300 1656 Varronis
2320 1605 2508 1669 magis·

305 1688 468 1744 trum,
486 1697 645 1747 qnam
663 1683 794 1733 tanti
813 1681 1002 1733 fecisse
1025 1685 1101 1733 M.
1121 1684 1319 1733 Brutus
1337 1683 1550 1749 dicitur,
1568 1690 1626 1734 ut
1646 1696 1712 1735 ex
1732 1698 1798 1733 ea
1818 1684 2097 1781 Epitomen
2118 1684 2322 1774 fecerit.
2364 1686 2506 1737 Auc-

304 1769 392 1812 tor
410 1761 600 1813 Cicero
622 1763 798 1827 Epist.
823 1762 891 1813 ad
915 1761 1080 1812 Attic.
1097 1777 1230 1813 xm.
1252 1768 1301 1812 8.
1318 1777 1370 1827 p.
1390 1768 1503 1814 ³99.

368 1847 754 1896 ΑΝΤΙΠΑΊῬΟΞ
774 1844 827 1893 ἐν
844 1861 914 1905 τῳ
896 1841 1043 1907 περὶ
1063 1841 1196 1907 ζώων
1217 1843 1463 1894 laudatur
1487 1859 1517 1894 a
1540 1844 1714 1896 Scbol.
1734 1843 1995 1909 Apollonii
2025 1844 2091 1894 ad
2126 1844 2215 1894 lib.
2239 1858 2301 1895 ιι.
2323 1859 2398 1895 vs.
2423 1849 2489 1895 89

304 1915 403 1987 qni
419 1923 487 1973 ab
510 1924 599 1974 illo
625 1924 864 1975 diversus
888 1931 1002 1985 est;
1036 1932 1116 1975 est
1135 1926 1273 1975 enim
1301 1925 1388 1975 ille
1408 1925 1687 1989 Antipater,
1722 1939 1875 1989 quem
1912 1925 2050 1975 inter
2071 1932 2317 1976 externos
2339 1926 2506 1989 scrip-

300 2009 445 2055 tores
480 2004 660 2055 laudat
683 2004 922 2054 Plinius
908 2019 961 2054 ιιι
976 2002 1173 2055 Iudice
1199 2004 1290 2054 lib.
1313 2018 1433 2055 vnn
1467 2006 1556 2070 qui
1592 2011 1735 2055 totns
1766 2011 1850 2054 est
1887 2004 1954 2055 de
1991 2005 2283 2055 animalium
2323 2005 2508 2055 Histo-

302 2084 415 2133 ria.
452 2084 702 2148 Panaetii,
743 2084 810 2135 de
840 2099 944 2151 quo
982 2097 1124 2148 saepe
1158 2085 1377 2149 Tullius,
1414 2085 1698 2149 magister.
1746 2083 1957 2181 Tiberio
1992 2084 2237 2135 Graccho
2271 2085 2504 2150 aequalis,

301 2164 486 2214 Patria
508 2165 760 2217 Rhodius.
1763 2188 1768 2192 ·

364 2244 629 2304 Antistius,
675 2245 852 2307 Labeo
888 2245 1302 2310 cognominatus.
1366 2244 1586 2310 Scripsit
1627 2241 2015 2296 commentaria
2037 2243 2178 2309 Jnris
2213 2243 2499 2300 Pontificii,

301 2339 415 2389 quae
439 2327 627 2377 Festus
650 2325 799 2378 citat.
869 2327 1246 2377 Proconsulem
1271 2325 1631 2376 Narbonensis
1671 2326 1966 2377 Provincia
1987 2324 2166 2382 fuisse,
2204 2331 2387 2375 auctor
2415 2329 2499 2373 est
2541 2388 2552 2399 ⁹

297 2406 503 2457 Plinius
530 2420 709 2457 xxxv.
747 2411 797 2457 7.
862 2407 1114 2458 Oblatum
1155 2407 1220 2457 ab
1263 2405 1500 2472 Augusto
1545 2406 1887 2458 Consulatum
1919 2412 2221 2469 aspernatus
2259 2410 2360 2467 est,
2394 2417 2497 2468 quo

292 2486 482 2536 studiis
516 2489 794 2553 plurimum
814 2501 1024 2551 operam
1047 2487 1217 2544 daret,
1254 2493 1315 2536 nt
1345 2486 1526 2537 scribit
1563 2487 1820 2550 Pompon.
1845 2486 2056 2549 Digest.
2091 2499 2131 2535 1.
2167 2485 2249 2535 tit.
2266 2489 2315 2534 2.
2345 2483 2493 2546 Orig.

293 2567 459 2626 luris,
480 2569 607 2631 §att
639 2567 728 2617 nbi
750 2582 869 2618 eum
892 2566 1272 2632 quadringenta
1297 2566 1561 2618 volumina
1594 2565 1711 2631 (alii
1742 2565 2061 2630 quadrag-into
2077 2565 2262 2629 legunt
2280 2577 2347 2612 ex
2369 2562 2498 2613 Gel-

296 2647 370 2696 lio
412 2654 559 2698 ιιιι.·
584 2653 666 2699 19.
708 2656 760 2712 p·.
793 2646 936 2711 671.)
971 2647 1240 2711 reliquisse
1273 2651 1523 2696 testatur.
1589 2646 1770 2695 Libros
1810 2645 1922 2710 ejus
1962 2658 2056 2695 xv.
2091 2645 2157 2695 de
2197 2642 2496 2706 Disciplinis

302 2727 554 2792 Etruscis,
592 2729 846 2792 aliosque,
872 2727 1002 2777 citat
1041 2726 1344 2790 Fulgentius
1369 2725 1447 2775 -de
1472 2726 1657 2777 Prisco
1677 2726 1945 2789 Sermone,
1975 2740 2026 2775 ιι.
2045 2729 2097 2774 4.
2164 2723 2337 2788 Hujus
2359 2723 2495 2773 arbi·

299 2808 407 2858 trio
428 2807 705 2869 legendum
729 2809 987 2859 Senatum
1007 2805 1272 2871 Augustus
1293 2806 1624 2871 permiserat,
1640 2805 1931 2870 inquitDio
1951 2804 2039 2856 lib.
2064 2816 2175 2854 mv.
2200 2819 2252 2868 p.
2268 2807 2385 2853 531.

361 2888 690 2937 Antisthenes.
757 2887 878 2937 Non
905 2888 994 2937 ille
1016 2886 1224 2952 quidem
1253 2885 1468 2936 Laertio
1486 2893 1659 2941 notus,
1693 2880 1873 2935 aliisve
1904 2885 2279 2951 scriptoribus:
2314 2883 2404 2932 sed
2428 2884 2493 2934 ab

298 2967 364 3017 iis
385 2956 640 3031 omnibus,
663 2968 751 3032 qui
775 2966 955 3018 eodem
982 2973 1264 3017 censentur
1284 2966 1513 3025 nomine,
1535 2966 1688 3028 plane
1706 2963 1968 3015 diversus:
2006 2978 2157 3029 quem
2183 2964 2250 3013 de
2272 2963 2495 3028 pyrami·

294 3045 449 3096 dibus
479 3046 690 3111 AEgypti
713 3046 983 3112 scripsisse
1011 3046 1213 3096 Plinius
1233 3052 1315 3096 est
1336 3051 1523 3095 auctor
1544 3057 1750 3094 xxxvr.
1772 3048 1853 3095 17.
1888 3044 1957 3094 ds
1985 3045 2128 3110 quus
2162 3052 2319 3094 aetate
2352 3043 2493 3094 dicc-

295 3139 410 3175 mus
433 3126 485 3175 in
509 3125 783 3176 Butorida.
2285 3180 2289 3189 1

358 3205 607 3256 Amnius
627 3207 820 3268 Castor,
839 3205 917 3255 vir
933 3204 1279 3262 Graecus„sed
1304 3204 1439 3271 quod
1464 3206 1723 3255 Romanos
1742 3204 2003 3268 diligeret,
2017 3205 2229 3257 civitate
2252 3204 2494 3267 donatus,

293 3293 353 3337 et
385 3287 762 3337 Philoromaeus
784 3286 1098 3350 appellatus.
1166 3286 1414 3336 Deiotari
1442 3287 1745 3337 Galatarum
1767 3286 1950 3349 Regis,
1970 3299 2063 3350 pro
2081 3301 2183 3351 quo
2204 3285 2491 3336 orationem

292 3367 477 3417 habuit
493 3367 560 3417 ad
587 3367 849 3418 Caesarem
873 3367 1092 3428 Tullius,
1110 3365 1271 3416 filiam
1298 3366 1464 3417 duxit.
1531 3365 1751 3430 Scripsit
1767 3366 1833 3416 de
1865 3366 2007 3430 Nilo,
2024 3368 2084 3416 ds
2108 3366 2381 3429 Temperiem
2402 3364 2488 3428 Ig-

290 3451 562 3512 uvi-atione,
587 3447 651 3497 τὰ
671 3445 879 3511 Χρονικὰ
897 3446 1217 3510 ’Ampiae-a.
1246 3447 1416 3501 uti.ex
1438 3445 1760 3510 Apollodoro
1779 3445 2022 3498 discimus
2047 3446 2141 3496 lib.
2159 3459 2222 3496 ιι.
2255 3445 2321 3497 ds
2354 3446 2488 3510 Diis,

292 3534 444 3592 ρω75.
468 3570 479 3581 .
515 3528 752 3579 Romana
773 3528 929 3580 etiam
954 3528 1213 3579 Instituta
1234 3542 1351 3578 cum
1374 3527 1741 3591 Pythagoricis
1771 3527 2012 3585 contulit,
2031 3533 2169 3578 teste
2201 3527 2488 3577 Plutarcho
2534 3549 2537 3552 ⁴

285 3611 343 3659 in
366 3610 581 3662 onesta
594 3609 743 3659 Rom.
764 3623 819 3672 p.
841 3612 958 3660 266.
1026 3608 1099 3659 Et
1120 3609 1188 3659 de
1210 3608 1416 3660 Plantis
1439 3608 1664 3665 edidisse
1690 3607 1948 3659 volumina
1978 3608 2191 3673 aliquot,
2213 3622 2280 3657 ex
2311 3607 2486 3657 Plinio

284 3689 402 3752 ipso
425 3689 747 3753 conjicimus,
775 3693 972 3738 xxdie.

349 3770 558 3832 Apelles,
595 3782 746 3832 quem
768 3769 947 3818 laudat
969 3767 1170 3818 Plinius
1208 3768 1263 3817 in
1299 3767 1487 3819 Indice
1524 3768 1613 3819 lib.
1637 3781 1799 3819 xxxr.
1831 3774 1887 3819 et
1915 3780 2100 3819 xxxu.
2165 3766 2408 3818 Medicus
2438 3766 2500 3835 is,

286 3855 388 3905 est,
413 3848 632 3898 Thasius
654 3862 685 3897 a
705 3847 880 3912 patria
894 3848 1311 3911 cognominatus,
1344 3848 1493 3911 cnjus
1523 3849 1757 3899 meminit
1784 3855 1840 3898 et
1871 3848 2101 3898 Galenus
2125 3847 2189 3896 de
2212 3846 2483 3899 Antidotis

281 3943 347 3978 ιι.
374 3933 422 3979 8.
454 3942 573 3992 pag.
592 3932 707 3979 910.
734 3933 789 3978 et
814 3925 939 3978 κατὰ
960 3925 1096 3989 γένη.
1127 3941 1182 3978 ν.
1206 3930 1286 3977 14.
1310 3942 1429 3991 pag.
1451 3932 1565 3978 799.
1619 3928 1774 3978 Hunc
1799 3928 2063 3979 Gesnerus
2082 3928 2134 3977 iu
2154 3928 2483 3979 Bibliotheca

284 4023 406 4058 cnm
434 4006 623 4071 Apelle
649 4007 850 4070 pictore
872 4007 1007 4057 male
1032 4005 1326 4063 confundit,
1348 4006 1553 4071 quaudo
1577 4007 1712 4058 hunc
1728 4008 1970 4058 Thasium
1988 4006 2143 4057 facite
2169 4023 2319 4073 quem
2339 4023 2484 4059 erro-

282 4105 390 4141 rem
411 4097 623 4140 secntus
641 4096 723 4139 cst
745 4096 798 4139 et
826 4089 1094 4138 Reiuesius
1119 4088 1245 4137 Var.
1272 4086 1418 4139 Lect.
1441 4101 1507 4138 u.
1524 4091 1573 4139 6.

346 4171 539 4234 Apelles
563 4171 695 4220 alter
719 4170 854 4219 (inus
876 4181 908 4217 a
930 4169 1102 4231 patria
1123 4168 1314 4226 dictus,
1335 4167 1503 4232 pictor
1525 4166 1662 4217 fama
1679 4167 1912 4233 insignis,
1927 4169 2070 4233 cnjus
2088 4169 2230 4233 Vita,
2251 4170 2479 4236 Scripta,

278 4253 517 4308 Pietnrae
539 4265 569 4300 a
595 4250 767 4304 Plinio
791 4261 964 4305 xxxv.
988 4252 1068 4299 36.
1104 4249 1303 4314 prolixe
1326 4255 1621 4301 narrantur.
