3000 4917
495 340 671 407 4426
1172 403 1177 410 .
1232 357 1293 406 c.
1342 358 1584 407 ΡωΝιῐ
1634 361 1959 409 securim

493 502 801 566 navalem
850 500 1253 585 triumphum
1293 503 1449 585 egit,
1499 503 1744 567 factam
1783 505 2114 586 porticum
2173 505 2506 589 duplicem
2528 514 2553 553 ‘¹
2598 489 2686 571 ad

495 601 763 688 Circum
806 602 1218 681 Flaminium,
1252 624 1406 687 quae
1443 604 1788 670 Corinthia
1833 607 1923 670 sit
1967 607 2318 689 appellata
2357 627 2398 671 a
2429 610 2686 690 capitu·

492 702 581 767 lis
613 704 813 769 aereis
841 705 1317 770 columnarum.
1403 704 1635 770 Vestae
1665 726 1937 789 quoque
1984 708 2237 773 aedem‘
2281 709 2518 791 ipsam.
2556 709 2685 793 Sy-

489 823 826 872 racusana
870 804 1226 888 superficie
1272 806 1404 888 tegi
1453 807 1823 894 placuisse.
1931 809 2354 892 Syracusana
2400 817 2558 872 sunt
2616 811 2685 874 in

492 905 792 972 Pantheo
812 915 833 942 ⁸
875 908 1102 990 capita
1129 907 1589 973 columnarum
1620 929 1662 973 a
1691 909 1791 973 M.
1829 907 2135 994 Agrippa
2162 912 2414 994 posita.
2502 910 2687 989 Quin

493 1010 696 1074 etiam
743 1010 1007 1095 privata
1056 1011 1403 1094 opulentia
1448 1031 1531 1076 eo
1576 1005 1779 1076 modo
1825 1019 2145 1096 usurpata
2190 1018 2312 1079 est.
2402 1010 2687 1077 Camillo

490 1110 665 1175 inter
697 1112 975 1177 erimina
1003 1119 1023 1149 ¹
1071 1112 1328 1195 objecit
1357 1113 1477 1197 Sp.
1527 1112 1865 1180 Carvilius
1898 1122 2225 1199 quaestor,
2272 1113 2450 1198 quod
2480 1119 2687 1178 aerata

493 1214 676 1277 ostia
702 1214 980 1278 haberet
1009 1215 1078 1277 in
1108 1215 1333 1278 dome.

543 1312 753 1379 ‘'v111.
800 1314 982 1379 Nam
1003 1315 1343 1382 triclinia⁸
1384 1321 1616 1394 aerata,
1650 1316 2086 1402 abacosque‚¹’
2130 1323 2199 1383 et
2226 1317 2682 1402 monopodiae

491 1414 617 1480 Cn.
664 1415 995 1481 Manlium
1046 1415 1222 1482 Asia
1300 1417 1570 1484 devicta
1620 1420 1907 1503 primum
1953 1422 2291 1486 invenisse
2348 1418 2684 1501 triumpho

489 1536 637 1595 sue,
666 1536 863 1601 quem
889 1518 1086 1583 duxit
1116 1518 1323 1584 Urbis
1353 1539 1528 1585 anno
1570 1536 1871 1586 nnxvu.
1916 1522 1995 1587 L.
2042 1522 2211 1587 Piso
2261 1528 2498 1587 auctor
2526 1516 2687 1588 est.‘¹

1404 1702 1776 1725 Quamne

554 1810 688 1860 CAP.
712 1823 811 1861 vu.
879 1815 905 1859 1
942 1812 1068 1861 Vet.
1090 1811 1277 1862 Dalec.
1301 1826 1406 1862 eum
1426 1812 1613 1862 modum
1631 1813 1894 1876 usurpavit.
1952 1813 2156 1863 Camillo
2185 1814 2310 1864 enim
2328 1814 2521 1864 crimem

1475 1993 1687 2045 NOTAE

487 2102 712 2154 Consule
736 2104 786 2153 in
822 2105 1188 2157 Macedoniam
1210 2114 1394 2158 contra
1413 2108 1549 2158 Per-

486 2193 580 2227 sen
607 2179 805 2243 Regem
830 2182 1096 2244 profectus
1120 2190 1218 2233 est.
1286 2186 1404 2236 Quo
1424 2199 1549 2247 cap-

487 2260 561 2316 to,
583 2254 693 2318 ipse
722 2255 789 2305 de
825 2257 1005 2307 eodem
1044 2258 1296 2309 Kalendis
1325 2261 1544 2310 Decem·

484 2329 666 2380 bribus
681 2333 995 2397 triumphum
1011 2336 1245 2386 navalem
1256 2335 1383 2400 egit.
1404 2336 1546 2387 Auc-

485 2414 570 2457 tor
590 2409 762 2458 Livius
778 2410 869 2461 lib.
895 2424 1019 2461 nv.
1044 2427 1097 2476 p.
1120 2417 1236 2463 586.

547 2493 572 2527 ¹¹
609 2486 858 2536 Particum
889 2489 1142 2552 duplicem]
1173 2490 1237 2539 P.
1262 2490 1461 2552 Victor,
1491 2490 1546 2539 in

485 2558 834 2624 descriptione
873 2564 1032 2612 Urbis
1086 2565 1284 2620 Romae,
1332 2565 1547 2628 regione

483 2650 640 2697 nona,
671 2637 724 2686 in
750 2652 853 2702 qua
886 2638 1067 2687 Circus
1100 2639 1381 2689 Flaminius
1413 2639 1544 2689 fuit:

485 2710 502 2738 ‘
516 2712 759 2763 Porticus
778 2715 1049 2764 Corinthia
1065 2715 1408 2779 Cn.‚0ctavii‚
1427 2731 1544 2778 quae

485 2787 652 2851 prima
672 2788 867 2853 duplex
900 2788 1037 2838 fuit:
1101 2790 1309 2853 Duplex
1333 2789 1547 2852 dicitur,

485 2865 554 2912 ob
591 2864 849 2929 duplicem
894 2866 1130 2916 ordinem
1175 2869 1545 2919 columnarum.

484 2941 701 2991 Festum
738 2945 754 2971 ‘
773 2941 1014 2992 Octaviae
1045 2943 1280 3005 porticus
1308 2941 1425 2992 duae
1455 2958 1549 3006 ap·

486 3019 769 3080 pellantur,
812 3033 1027 3084 quarum
1078 3019 1295 3068 alteram
1344 3019 1547 3070 theatro

485 3092 726 3142 Marcelli
774 3094 1068 3157 propiorem
1124 3093 1349 3142 Octavia
1403 3109 1549 3145 soror

483 3167 705 3231 Augusti
729 3169 890 3231 fecit3
912 3172 1124 3220 alteram
1143 3170 1371 3221 Theatro
1394 3173 1549 3223 Pom-

485 3246 590 3307 peii
626 3247 909 3308 proximam
941 3249 1037 3297 Cn.
1060 3248 1313 3297 Octavius
1349 3249 1447 3298 Cn.
1484 3252 1546 3300 F.

487 3321 575 3384 qui
597 3319 697 3371 fuit
720 3321 899 3371 AEdilis
921 3323 1132 3385 curulis,
1164 3323 1386 3387 Proetor‚
1410 3326 1545 3375 Con-

486 3398 584 3459 sul,
598 3399 878 3447 Decemvir
897 3400 1058 3447 sacris
1078 3397 1352 3455 faciundis,
1367 3401 1547 3450 trium-

484 3475 770 3541 pliavitque
806 3479 871 3528 de
908 3492 1029 3540 rege
1059 3478 1243 3541 Perse,
1262 3480 1431 3529 navali
1455 3481 1547 3529 tri-

485 3553 709 3615 umpho:
743 3569 897 3617 quam
941 3555 1262 3605 combustam
1306 3555 1546 3605 reficien-

486 3626 602 3676 dam
641 3631 847 3679 curavit
870 3629 1044 3678 Caesar
1071 3629 1368 3693 Augustus!
1429 3633 1547 3681 Me-

484 3704 634 3752 minit
657 3713 714 3754 et
737 3704 985 3767 Velleius,
1004 3705 1154 3755 initio
1173 3706 1289 3756 libri
1313 3709 1549 3757 secundi.

549 3787 570 3813 ¹·
611 3780 766 3830 Vestoe
795 3797 973 3846 quoque
1008 3782 1180 3844 aedem]
1226 3784 1398 3846 Hujus
1420 3785 1548 3833 oedis

485 3853 703 3905 formam
727 3865 931 3906 veteres
966 3859 1159 3907 nummi
1201 3859 1447 3908 exhibent
1473 3858 1549 3908 fa-

486 3931 643 3980 miliae
668 3932 880 3994 Cassiae,
919 3934 1056 3995 apud
1093 3934 1363 3999 Patinum,
1390 3951 1439 3998 p.
1464 3940 1552 3986 67.

486 4007 780 4056 Rotundam
823 4006 981 4057 fuisse
1020 4010 1094 4058 ait
1139 4011 1363 4060 Ovidius
1408 4013 1550 4063 Fast.

489 4097 570 4134 vt.
605 4088 717 4133 265.
748 4085 886 4148 quod
912 4087 1073 4135 Vesta
1103 4088 1287 4137 eadem
1326 4090 1398 4139 sit
1427 4104 1545 4153 quae

486 4165 650 4221 terra,
674 4158 884 4222 globata
905 4158 970 4208 ad
990 4162 1108 4224 piioe
1129 4163 1540 4218 similitudinemz

485 4240 499 4262 ⁴
521 4234 706 4285 Forma
730 4243 902 4285 tamen
917 4236 1118 4300 templi,
1139 4252 1254 4302 quae
1279 4254 1419 4292 nune
1443 4255 1548 4291 ma-

1621 2113 1735 2169 net,
1772 2112 1893 2157 ante
1935 2105 2094 2156 fuisse
2141 2104 2378 2155 Dicitur:
2413 2111 2469 2153 et
2501 2102 2685 2154 formae

1621 2195 1779 2232 causa
1826 2182 2097 2246 probanda
2142 2181 2338 2231 subest.
2402 2182 2566 2230 Vesta
2599 2195 2687 2229 ea-

1621 2258 1739 2309 dem
1763 2267 1864 2316 est,
1886 2274 2003 2324 quae
2024 2257 2225 2315 Terra‚'
2261 2261 2359 2307 ὅτε.
2426 2258 2496 2306 Et
2529 2256 2687 2319 paulo

1623 2342 1770 2399 post:
1804 2334 1969 2384 ‘Arte
2009 2333 2290 2398 Syracusio
2318 2346 2596 2396 suspensus
2633 2332 2686 2380 in
2737 2359 2740 2362 ι

1620 2412 1741 2463 ae‘re
1755 2413 1929 2461 clairso
1953 2412 2066 2462 Stat
2091 2411 2292 2474 globus,
2316 2410 2546 2460 immensi
2574 2423 2690 2471 par-

1623 2503 1684 2537 va
1702 2487 1866 2552 figura
1886 2488 2008 2550 poli.
2050 2488 2389 2551 quuantum
2409 2501 2439 2534 a
2455 2485 2689 2540 summis,

1623 2571 1825 2615 tantum
1852 2563 2069 2613 secessit
2091 2562 2157 2611 ab
2180 2561 2295 2611 imis
2314 2562 2508 2610 Terra:
2548 2561 2685 2626 quod

1622 2647 1681 2689 ut
1721 2639 1835 2700 fiat,
1876 2639 2039 2688 forma
2086 2638 2311 2687 rotunda
2356 2635 2497 2686 facit.
2579 2638 2688 2686 Par

1618 2713 1775 2764 facies
1798 2715 2011 2778 templi:
2049 2714 2216 2763 nullus
2239 2711 2502 2775 procurrit
2524 2712 2575 2761 in
2597 2712 2689 2762 iilo

1620 2788 1896 2853 Angulus:
1953 2805 1984 2840 a
2027 2789 2203 2853 pluvio
2245 2788 2477 2840 vindicat
2519 2788 2686 2838 imbre

1624 2865 1836 2916 tholus.'
1881 2897 1888 2902 -

1685 2950 1704 2974 ⁸
1737 2943 1799 2991 In
1824 2942 2065 3006 Pantheo]
2102 2941 2269 2992 Quem
2312 2940 2399 2989 ilie
2439 2938 2687 3003 perfecit,

1623 3019 1860 3082 Augusto
1913 3033 2122 3073 nonum,
2169 3017 2250 3066 M.
2299 3015 2458 3066 Junio
2495 3016 2687 3075 ,Silano

1625 3096 1774 3146 Coss.
1799 3095 2001 3145 Auctor
2026 3095 2126 3143 Dio
2152 3093 2243 3142 lib.
2266 3106 2385 3142 Lm.
2409 3107 2460 3155 p.
2482 3097 2597 3142 515.

1690 3178 1714 3204 ⁸
1748 3172 1879 3220 Nam
1907 3170 2146 3233 triclinia]
2181 3170 2414 3231 Mensae,
2457 3175 2518 3218 nt
2554 3168 2688 3218 dixi-

1623 3264 1737 3299 mus
1763 3260 1976 3297 xxxin.
1998 3252 2079 3297 51.

1686 3324 1712 3358 ¹¹
1745 3309 2038 3387 Abiu-osque]
2072 3322 2279 3371 Abacue
2309 3334 2497 3369 mensae
2521 3333 2688 3383 genus

1624 3399 1746 3464 fuit,
1770 3414 1835 3449 ex
1859 3413 2020 3463 opere
2044 3397 2312 3459 intestino,
2335 3396 2420 3445 cui
2452 3410 2576 3444 vasa
2598 3410 2688 3444 au-

1624 3492 1733 3539 rea,
1783 3477 2127 3540 supellexque
2165 3473 2344 3524 similis
2389 3473 2690 3537 imponere-

1624 3561 1727 3605 tur.
1769 3555 1849 3602 Un
1872 3550 2040 3615 buffet.

1631 3677 1640 3684 ,
1689 3638 1711 3664 0
1733 3632 1799 3678 Et
1821 3626 2120 3690 monopodia]
2144 3626 2356 3676 Mensae
2373 3624 2526 3675 unico
2550 3623 2688 3689 pede

1625 3705 1805 3768 fultas,
1829 3700 2103 3765 μσνοπόδια.

1689 3782 1713 3817 ‘¹
1745 3784 1807 3834 L.
1832 3784 1947 3832 Piso
1967 3787 2132 3831 unctor
2153 3777 2251 3840 est]
2278 3779 2449 3829 Livius
2466 3793 2694 3843 quoque,

1626 3862 1713 3911 lib.
1753 3873 1959 3910 xxxix.
2000 3874 2052 3920 p.
2090 3860 2205 3906 489.
2240 3856 2521 3905 ‘Extremo
2566 3856 2693 3904 anni

1628 3936 1925 4002 (nnxvut.)
1949 3934 2014 3983 ad
2040 3933 2250 3982 tertium
2271 3930 2448 3980 Nonas
2469 3931 2694 3980 Martias

1629 4015 1728 4065 Cn.
1782 4012 2007 4063 Manlius
2051 4010 2209 4058 Volso
2261 4008 2326 4056 de
2373 4007 2560 4069 Gallis,
2597 4009 2694 4071 qui

1628 4089 1808 4140 Asiam
1825 4089 2072 4140 incolunt,
2090 4083 2425 4146 triumphavit
2522 4084 2697 4132 Luxu-

1631 4167 1721 4216 riae
1741 4164 2031 4229 peregrinae
2043 4161 2189 4224 origo
2207 4159 2271 4207 ab
2286 4159 2523 4208 exercitu
2542 4158 2695 4210 Asia-

1632 4244 1737 4294 tico
1758 4243 1965 4294 invecta
1986 4241 2037 4289 in
2054 4238 2251 4288 Urbem
2268 4243 2348 4286 ert
2367 4251 2382 4284 z
2417 4236 2453 4285 ii
2471 4237 2694 4299 primum
