3000 4917
451 365 625 430 4924
1206 374 1220 384 ·
1431 377 1681 425 ιΝΒΕΧ

454 522 509 570 iu
534 521 807 585 parasitis.'
873 520 1186 586 Inscriptum
1217 519 1434 570 Dosseni
1456 526 1789 571 monumento
1806 512 2019 569 titulum
2044 520 2231 571 recitat
2255 521 2461 570 Seneca
2492 519 2661 583 Epist.

390 652 395 655 .
456 606 536 652 89.
562 608 750 666 aasz.
1082 645 1089 652 .

519 685 771 733 Dasium.
834 669 1038 733 Laudat
1060 697 1176 732 eum
1198 682 1402 732 Plinius
1424 696 1503 731 ιν.
1525 686 1608 731 20.
1628 680 1748 730 dum
1771 681 1839 729 de
1861 680 2022 731 creta
2043 681 2169 745 agit.
2237 682 2306 730 Et
2341 681 2531 729 librum
2561 680 2665 729 no·

453 764 612 813 siadae
638 770 875 827 quartum
898 763 962 813 de
986 764 1141 813 rebus
1164 763 1385 812 Creticis
1407 763 1540 828 citat
1575 761 1862 811 Athenaeus
1893 761 1994 811 lib..
2023 774 2101 812 lv.
2139 777 2190 824 p.
2228 765 2345 811 143.
2383 769 2440 809 et
2466 761 2562 809 lib.
2580 773 2661 809 vr.

459 858 513 906 p.
533 847 647 893 264.
679 842 944 905 Δωσιάδας,
965 861 1073 894 aar.
1094 851 1146 892 λ.
1211 840 1428 892 Aonian:
1450 840 1676 891 Eusebio
1696 840 1787 890 lib.
1814 853 1890 890 tv.
1922 841 2160 905 Praepar.
2187 855 2239 904 p.
2265 844 2379 890 157.

518 924 780 973 Dositheus
825 923 1154 986 Astrologus,
1194 929 1379 972 auctor
1415 919 1770 980 octaeteridis,
1806 935 1922 983 quae
1958 921 2176 970 Eudoxo
2212 920 2485 983 tribuitur,
2526 925 2665 970 teste

455 1003 740 1052 Censorino
762 1017 810 1052 c.
837 1007 918 1053 18.
980 1003 1270 1051 Meminere
1291 1002 1446 1064 hujus
1470 1009 1664 1063 praeter
1685 999 1914 1050 Plinium
1929 1013 2096 1050 xvtu.
2115 1005 2197 1050 74.
2220 1008 2277 1051 et
2299 1001 2667 1064 Censorinum,

455 1081 704 1153 Geminus
727 1089 782 1131 et
818 1084 1148 1139 Ptolemaeus,
1183 1083 1236 1131 in
1262 1083 1576 1146 Uranologio
1604 1082 1829 1132 Petavii.
1901 1081 2036 1131 Vide
2069 1097 2134 1131 ne
2168 1083 2308 1131 hunc
2340 1082 2660 1132 Dositheum

453 1160 786 1225 Astrologum
811 1177 926 1212 cum
949 1164 1196 1213 historico
1219 1161 1526 1219 confundas,
1550 1163 1699 1226 cujus
1723 1163 2036 1213 Plutarchus
2057 1164 2311 1213 meminit.

519 1243 673 1293 Duris
692 1243 903 1304 Samius,
927 1244 1015 1306 qui
1050 1259 1106 1292 se
1148 1258 1211 1292 cx
1253 1243 1542 1297 Alcibiadis
1574 1257 1763 1306 genere
1804 1251 1975 1292 ortum
2012 1243 2239 1306 ferebat,
2271 1250 2410 1292 teste
2436 1243 2586 1292 Plut.
2608 1244 2660 1291 in

451 1323 625 1384 Alcib.
661 1339 715 1387 p.
736 1327 852 1373 209.
885 1324 1214 1387 Philadelphi
1239 1331 1473 1387 tempore
1497 1322 1689 1373 floruit.
1759 1324 1984 1387 Scripsit
2016 1324 2362 1375 Macedonica
2398 1323 2546 1372 libris
2563 1336 2658 1372 xv.

455 1417 521 1452 ex
547 1404 838 1454 Scholiaste
863 1403 1130 1468 Aristoph.
1155 1406 1206 1454 in
1232 1406 1375 1455 Nub.
1398 1420 1451 1469 p.
1475 1409 1588 1454 150.
1621 1411 1674 1455 et
1698 1403 1960 1467 Apollonii
1986 1405 2158 1454 Schol.
2188 1405 2253 1453 ad
2278 1418 2358 1454 ιν.
2380 1408 2502 1453 264.
2573 1404 2659 1453 Li·

454 1483 573 1534 bros
598 1491 653 1533 ut
676 1485 938 1534 minimum
975 1486 1155 1535 decem
1188 1485 1254 1534 de
1291 1485 1509 1535 historia
1534 1485 1851 1549 Agathoclis,
1876 1500 2090 1550 quorum
2113 1485 2349 1535 meminit
2372 1483 2657 1533 Athenaeus

453 1565 671 1633 libam.
697 1580 748 1628 p.
770 1569 884 1615 541.
920 1566 1006 1630 qni
1048 1567 1623 1618 aliarum'historiarum
1656 1565 1844 1615 librum
1879 1579 2022 1616 xxu.
2054 1566 2187 1615 citat
2220 1565 2309 1614 lib.
2333 1578 2441 1614 ΧΠ.
2466 1579 2519 1627 p.
2541 1567 2664 1614 546·

453 1646 540 1694 De
565 1645 913 1709 pyramidibus
937 1644 1168 1711 AEgypti,
1207 1662 1273 1697 ex
1313 1648 1486 1697 Plinio
1524 1659 1723 1697 xxxvi.
1750 1650 1829 1695 17.
1894 1648 1980 1696 De
2013 1646 2264 1709 Euripide
2299 1652 2356 1694 et
2392 1645 2658 1708 Sophocle

450 1726 658 1789 librum,
681 1741 745 1775 ex
770 1725 958 1775 Athen.
981 1727 1068 1775 lib.
1090 1740 1170 1777 ιν.
1193 1742 1246 1791 p.
1266 1732 1379 1778 184.
1446 1727 1619 1777 Homo
1640 1728 1693 1778 iu
1714 1727 1925 1777 historia
1949 1726 2167 1790 diligens
2190 1742 2220 1775 a
2242 1725 2411 1775 'l'nllio
2437 1732 2658 1775 vocatur

453 1806 519 1854 ad
545 1807 709 1857 Attio.
738 1820 816 1857 vr.
839 1812 886 1857 1.
927 1823 978 1871 p.
1002 1812 1117 1857 167.
1184 1808 1337 1873 Apud
1377 1809 1588 1859 Suidam
1614 1815 1752 1858 tomo
1773 1822 1837 1858 11.
1864 1823 1914 1871 p.
1945 1810 1993 1857 8.
2027 1807 2187 1856 verbo
2215 1805 2385 1868 Λάμια,
2408 1807 2657 1856 laudatur

450 1889 603 1950 Δῶρις
626 1887 675 1936 ἐν
709 1885 909 1951 δευτέρῳ
933 1872 1163 1945 managu,
1195 1890 1338 1954 (lege
1361 1887 1575 1953 Δοῦρις,)
1610 1889 1743 1937 libro
1774 1903 1841 1938 11.
1877 1890 2070 1937 Rerum
2109 1887 2442 1950 Libycarum.
2514 1888 2584 1935 Et
2607 1902 2657 1948 p.

451 1972 566 2018 ⁷26.
592 1967 750 2017 verbo
771 1965 968 2019 Σελίνου
988 1966 1237 2030 στέφανος,
1258 1970 1427 2031 Δοῦρις
1446 1971 1498 2018 ἐν
1517 1970 1593 2029 τιὸ
1611 1967 1715 2032 περὶ
1736 1967 1945 2030 ἀγόνων,
1967 1982 2129 2031 opere
2151 1968 2422 2030 inscrIpto,
2446 1969 2508 2016 de
2536 1970 2654 2016 Cer·

451 2047 723 2102 inminibus.
790 2046 948 2110 Apud
967 2047 1275 2099 Athenaeum
1299 2049 1389 2099 lib.
1413 2062 1511 2098 xv.
1535 2065 1588 2113 p.
1608 2053 1722 2098 696.
1746 2049 2014 2111 scripsisse
2039 2046 2231 2097 dicitur
2252 2047 2318 2097 de
2339 2048 2656 2103 Samiorum,

450 2129 550 2178 hoc
574 2137 673 2185 est,
697 2127 764 2179 de
784 2128 976 2191 patriae
1003 2144 1131 2187 suae,
1169 2129 1391 2179 finibus..
1444 2128 1599 2193 Apud
1644 2129 1818 2179 Laert.
1859 2130 1909 2178 in
1949 2129 2189 2185 Thalete,
2224 2127 2330 2191 περὶ
2357 2126 2653 2191 ζωγραφίας,

451 2212 510 2259 de
530 2210 737 2264 Pictura
760 2209 938 2259 liber:
975 2209 1042 2261 de
1081 2211 1380 2273 Toreutice,
1401 2213 1513 2283 siv‘e
1536 2212 1815 2274 caelatura,
1844 2209 1981 2274 apud
2019 2210 2187 2274 ipsum
2220 2209 2450 2258 Plinium
2476 2210 2528 2258 in
2566 2209 2654 2259 In·

452 2291 568 2345 dice
598 2289 688 2341 lib.
713 2303 914 2339 xxxnr.

1521 2427 1586 2475 E.

457 2579 464 2588 .
523 2541 708 2601 Ecaten,
729 2540 812 2589 cui
836 2539 1027 2588 Decius
1059 2552 1355 2602 praenomen
1385 2536 1544 2588 fuisse
1567 2537 1759 2587 dicitur
1781 2551 1955 2588 xxxV.
1991 2544 2068 2589 io.
2138 2540 2201 2588 In
2221 2539 2369 2590 libris
2392 2540 2651 2589 hactenus

448 2619 630 2679 editis,
649 2629 706 2669 ut
729 2628 852 2671 ante
876 2621 1181 2677 monuimus,
1203 2618 1495 2669 deformata
1523 2619 1635 2668 haec
1668 2634 1765 2667 vox
1788 2619 1840 2668 in
1863 2620 2048 2668 Indice
2072 2619 2260 2675 fuerat,
2284 2628 2445 2685 atque
2470 2622 2530 2669 iu-
2545 2622 2652 2670 De·
2727 2616 2766 2635 ²

449 2701 657 2748 calonem
680 2714 943 2749 conversa.
1009 2700 1295 2749 Historiam
1319 2699 1608 2763 quampiam
1634 2699 1701 2747 de
1725 2699 1879 2748 rebus
1903 2701 2063 2761 gestis
2087 2715 2119 2748 a
2139 2701 2367 2764 Tiberio,
2392 2702 2475 2750 vel
2500 2708 2648 2750 certe

450 2778 524 2827 de
543 2779 756 2842 picturis
778 2779 1016 2828 volumen
1041 2779 1271 2844 aliquod,
1287 2779 1491 2828 videtur
1513 2778 1826 2828 condidisse.
1876 2780 2091 2841 Tamen,
2108 2788 2164 2830 ut
2181 2795 2247 2830 ue
2263 2782 2388 2846 quid
2408 2781 2650 2830 dissimu-

447 2859 570 2918 lem,
589 2865 834 2923 suspecta
858 2859 1007 2907 vaide
1031 2859 1151 2908 mihi
1175 2858 1288 2908 haec
1309 2873 1406 2908 vox
1429 2867 1531 2921 est,
1554 2873 1705 2923 quam
1736 2873 1987 2924 nusquam
2011 2858 2204 2910 offendi
2226 2862 2277 2910 in
2303 2862 2549 2911 Romanis
2572 2860 2651 2909 fa-

448 2939 620 2987 miliis.
676 2940 850 3003 Atque
874 2939 1091 2988 inclinat
1112 2928 1316 3003 quidem
1340 2939 1556 3001 animus,
1577 2946 1635 2990 ut
1652 2940 1900 3004 scriptum
1919 2939 2078 2991 fuisse
2096 2942 2347 3006 suspicer,
2366 2943 2436 2991 D.
2451 2942 2651 2998 Aculeo,-

446 3019 544 3070 hoc
566 3026 668 3075 est,
699 3020 919 3068 Decimus
940 3021 1144 3070 Aculeo:
1176 3020 1497 3070 Aculeonum
1539 3021 1673 3070 enim
1709 3027 1835 3072 nota
1864 3022 2050 3072 Romae
2090 3022 2305 3087 familia,
2340 3038 2410 3072 ex
2444 3038 2551 3087 qua
2587 3025 2650 3072 C.
2725 3056 2733 3063 -

449 3100 666 3161 Aculeo,
699 3113 852 3163 quem
889 3100 1074 3149 Cicero
1109 3101 1452 3164 propinquum
1495 3115 1643 3150 suum
1676 3110 1866 3166 ·vocat,
1902 3102 1969 3151 de
2008 3103 2161 3153 Orat.
2199 3104 2289 3153 lib.
2331 3117 2396 3152 11.
2437 3120 2488 3167 p.
2526 3107 2646 3152 341.

448 3179 643 3229 Notum
683 3187 739 3229 et
778 3194 1074 3242 praeuomen
1113 3182 1341 3237 Decimi,
1378 3181 1518 3245 quod
1558 3197 1674 3232 cum
1715 3183 1861 3231 unica
1902 3183 2056 3232 litera
2094 3186 2167 3234 D.
2201 3185 2252 3233 in
2292 3185 2438 3234 libris
2486 3199 2644 3233 uranu

447 3260 683 3310 exaratis<
707 3260 921 3324 aliisque
955 3261 1118 3310 soleat
1151 3259 1346 3325 effingi,
1369 3261 1422 3310 in
1452 3262 1602 3310 Decii
1636 3277 1821 3312 nomen
1854 3279 2213 3327 saepenumero
2244 3250 2444 3314 librarii
2472 3271 2644 3314 trans-

447 3341 752 3390 formarunt.

509 3420 810 3483 Elephantis.
878 3419 1092 3469 Poetria
1114 3420 1233 3485 fuit,
1256 3422 1322 3470 de
1355 3437 1456 3485 qua
1477 3423 1527 3471 iu
1552 3423 1811 3486 Priapeiis
1834 3424 2050 3488 mentio,
2070 3439 2227 3475 carm.
2253 3438 2340 3474 ιιι.
2407 3426 2479 3475 Et
2501 3426 2641 3488 apud

445 3501 742 3552 Martialem
767 3514 875 3549 xn-
895 3503 976 3549 43.
1011 3504 1026 3528 ‘
1053 3502 1171 3550 Nec
1207 3504 1381 3551 molles
1404 3503 1777 3567 Elephantidos
1802 3504 1999 3568 libelli!
2069 3507 2152 3554 De
2182 3498 2507 3570 κοσμητικόῒς,
2543 3507 2643 3554 hoc

445 3590 544 3645 est,
564 3581 630 3631 de
655 3581 808 3630 rebus
831 3581 893 3629 iis
915 3595 1030 3644 quae
1063 3581 1128 3630 ad
1163 3583 1393 3646 corporis
1413 3591 1652 3633 ornatum
1676 3592 1940 3646 spectant,
1961 3585 2229 3636 mandasse
2252 3587 2421 3635 literis
2445 3587 2642 3650 aliquid

444 3662 637 3712 dicitur
659 3678 689 3711 a
713 3662 915 3711 Galeno
948 3662 998 3710 in
1019 3662 1166 3711 libris
1186 3661 1311 3711 κατὰ
1328 3660 1521 3714 τόπους.
1588 3664 1669 3713 De
1691 3663 1836 3713 libris
1858 3665 2239 3729 Elephantidis,
2264 3672 2321 3714 ut
2350 3667 2643 3730 impurissi-

442 3746 555 3799 mis,
579 3742 854 3793 Suetonius
880 3742 930 3791 iu
953 3742 1183 3806 Tiberio,
1205 3758 1253 3793 c.
1271 3747 1355 3793 43.

454 3854 459 3859 -
507 3825 812 3886 Empedocles
850 3821 1244 3886 Agrigentinus,
1291 3825 1605 3888 Pythagorae
1650 3825 1954 3888 discipulus,
1994 3825 2129 3874 vixit
2167 3825 2383 3890 olymp.
2430 3829 2641 3878 circiter

442 3916 680 3953 nxxxw.
714 3903 790 3952 Ut
813 3910 995 3952 auctor
1016 3912 1097 3952 est
1121 3903 1358 3953 Lacr-tius
1377 3905 1425 3954 in
1447 3905 1557 3967 ejus
1580 3905 1702 3953 Vita
1726 3904 1814 3953 lib.
1836 3918 1963 3954 vm.
1988 3920 2037 3966 p.
2057 3908 2174 3953 231.
2224 3906 2444 3955 Carmen
2470 3908 2637 3957 edidit

445 3983 510 4032 de
535 3982 827 4031 animalium
853 3983 1192 4047 proprietate,
1217 3984 1420 4032 AEliano
1457 3990 1594 4033 teste
1636 3983 1777 4033 Hist.
1816 3983 1988 4033 Anim.
2020 3996 2140 4035 xvi.
2169 3987 2251 4033 29.
2318 3985 2545 4049 Scripsit
2570 3986 2637 4034 τὰ

438 4061 635 4127 φυσικὰ,
667 4076 881 4125 quorum
907 4062 1093 4111 librum
1119 4064 1326 4113 tertium
1350 4066 1480 4114 citat
1503 4065 1719 4114 Tzetzes
1739 4064 1960 4113 Chiliad.
1982 4077 2086 4114 vn.
2108 4079 2185 4114 vs.
2207 4069 2321 4115 523.
2345 4074 2401 4115 et
2424 4067 2636 4124 Suidas,

441 4159 497 4208 p.
513 4146 626 4191 890.
669 4141 750 4189 De
765 4142 940 4191 Rebus
958 4144 1113 4192 etiam
1128 4143 1358 4193 Persicis
1375 4160 1397 4193 ε.
1415 4144 1482 4193 de
1493 4145 1573 4193 Re
1588 4144 1818 4207 Medica,
1832 4144 2051 4208 aliaque,
2067 4158 2183 4208 quae
2192 4143 2432 4195 Laertius
2448 4145 2632 4198 refert.

440 4224 623 4273 Virum
645 4220 917 4271 medicinae
943 4222 1368 4284 peritutnCelsus
1399 4224 1633 4288 appellat
1668 4224 1721 4274 iu
1744 4220 1902 4275 Praef.
1923 4223 2012 4273 lib.
2039 4236 2081 4272 1.
2104 4237 2156 4287 p.
2183 4227 2230 4273 1.
2298 4224 2631 4290 Empedoclis
