3000 4917
2336 373 2510 439 4427

303 529 551 594 Antias
583 529 858 613 quidem
886 530 964 594 L.
998 531 1346 609 Crassum,
1393 530 1725 596 haeredem
1767 532 1851 597 L.
1897 529 2128 596 Crassi
2180 533 2508 609 oratoris:

301 631 518 717 multa
547 632 754 696 etiam
776 632 1065 696 triclinia
1095 638 1302 697 aerata
1324 629 1726 696 vendidisse.
1814 631 1924 695 Ex
1954 650 2086 696 aere
2110 630 2506 697 factitavere

301 737 366 795 et
396 729 744 810 cortinaS,f
788 734 1125 817 tripodum
1169 734 1434 797 nomine
1488 733 1891 816 DelphicaS,
1941 734 2256 815 quoniam
2313 733 2506 797 donis

298 835 597 898 maxime
633 835 987 916 Apollinis
1022 835 1345 918 Delphici
1378 834 1789 900 dicabantur.
1877 834 2205 899 Placuere
2236 840 2308 898 et
2323 835 2506 918 lych—

295 935 546 998 nuchiss
588 936 885 1019 pensiles
914 938 983 1001 in
1010 936 1330 1015 delubris,
1367 942 1481 1001 aut
1528 938 1876 1002 arborum¹
1923 936 2126 1001 modo
2181 936 2366 1000 mala
2409 934 2499 1000 fe-

295 1035 593 1100 rentium
617 1037 962 1103 lucentes:
1009 1038 1230 1121 qualis
1280 1044 1384 1102 est
1434 1039 1505 1101 in
1552 1039 1802 1122 templo
1853 1036 2196 1121 Apollinis
2245 1036 2506 1101 Palati-

292 1133 416 1213 ni,¹²
462 1137 653 1220 quod
710 1136 1108 1222 Alexander
1169 1138 1463 1221 Magnus
1531 1140 1918 1205 Thebarum
1997 1138 2504 1223 expugnatione

296 1242 572 1321 captum
604 1240 671 1303 in
697 1238 908 1323 Cyme
941 1239 1289 1304 dicaverat
1318 1240 1535 1305 eidem
1573 1243 1746 1306 Deo.

383 1354 502 1403 lx.
532 1338 704 1424 (lv.)
729 1340 1029 1405 Transiit
1050 1340 1286 1407 deinde
1305 1361 1412 1405 ars
1429 1344 1682 1426 ubique
1701 1343 1902 1425 vulgo
1923 1342 2010 1406 ad
2041 1341 2289 1425 effigies
2323 1331 2503 1409 Deo-

291 1458 466 1503 rum.
556 1440 805 1506 Romae
840 1443 1274 1508 simulacrum
1315 1462 1402 1508 ex
1456 1464 1594 1509 aere
1649 1445 1895 1510 sactum
1936 1443 2166 1509 Cereri
2213 1445 2503 1528 primum

290 1542 560 1630 reperio
614 1563 706 1608 ex
749 1544 1018 1628 peculio
1046 1544 1167 1628 Sp.
1198 1541 1471 1624 Cassii,¹
1517 1566 1714 1629 quem
1753 1564 2028 1628 regnum
2083 1545 2502 1612 affectantem

872 385 1044 435 Nar.
1091 384 1291 435 msr.
1342 386 1486 436 ms.
1537 386 1828 437 xxxlv.
1867 372 1935 437 9.

1220 1706 1372 1728 ΜΝ
1378 1708 1560 1731 NON&

354 1822 493 1871 Cu».
516 1835 642 1872 vm.
711 1828 733 1871 1
773 1823 879 1874 Ms.
903 1823 1063 1889 lychni
1092 1839 1225 1887 pens.
1245 1826 1297 1875 in
1319 1828 1410 1876 del.
1445 1826 1682 1879 arborum.
1742 1825 1864 1877 Vet.
1881 1829 1931 1875 et
1951 1823 2053 1874 urb.
2074 1825 2199 1874 mod.
2225 1822 2407 1883 mser.
2428 1825 2500 1875 la-

289 1898 444 1936 eernoe
459 1902 478 1937 .·
500 1894 557 1938 et
575 1902 715 1953 mox,
734 1902 875 1952 quum
895 1888 1044 1939 Alex.
1064 1892 1146 1953 ξε.
1164 1891 1386 1955 captum?
1419 1893 1609 1943 Dalec.

1303 2039 1519 2090 NOTAE

287 2127 455 2179 lectos
480 2136 693 2192 aeratos,
713 2138 913 2181 vestem
938 2133 1219 2196 stragulam
1245 2148 1362 2197 pre·
1436 2113 1829 2187 Annua.cvm.
1853 2148 2018 2186 olam.
2037 2145 2230 2184 cvmv.
2246 2144 2499 2182 exomn-

289 2204 495 2267 tiosam,
514 2208 915 2269 ...monopodia‚
944 2217 1002 2260 et
1033 2209 1220 2259 abacos
1261 2211 1361 2261 Ro-

287 2294 422 2329 mam
448 2281 813 2345 advexerunt,'
836 2287 940 2335 διο.

348 2364 371 2389 0
403 2357 469 2405 L.
505 2358 673 2407 Crassi
697 2360 946 2424 Orator-is]
982 2362 1067 2411 De
1105 2376 1207 2426 quo
1229 2362 1361 2412 dixi-

285 2446 400 2482 mus
438 2447 608 2484 xvur.
653 2438 702 2485 8.
755 2436 810 2485 Is
844 2436 1098 2487 Licinium
1123 2438 1360 2490 Crassum

284 2507 586 2571 Scipionem
621 2525 689 2559 ex
721 2510 836 2561 filia
876 2520 1120 2575 nepotem
1144 2515 1362 2578 adopta·

284 2583 381 2646 vit,
396 2583 767 2649 haeredemque
782 2588 1024 2649 instituit,
1042 2589 1207 2638 virum
1223 2605 1360 2640 sum-

284 2672 368 2708 mo
391 2659 622 2725 iugenio,
642 2669 783 2712 teste
804 2664 977 2714 Tullio
999 2665 1051 2713 in
1074 2666 1260 2715 Bruto.

349 2733 368 2768 ί
400 2738 473 2785 Et
514 2738 752 2801 cortinas]
795 2740 1062 2790 cortinam
1106 2742 1203 2791 hoc
1246 2743 1359 2793 loco

285 2824 518 2861 mensam
565 2812 991 2877 interpretamur,
1019 2830 1137 2880 qum
1176 2818 1360 2880 pocula

284 2888 589 2945 sustineret,
614 2889 700 2938 cni
740 2889 1016 2953 Delphicae
1058 2905 1249 2941 nomen
1293 2907 1359 2942 ex

284 2975 348 3010 eo
369 2963 510 3027 quod
539 2964 720 3014 similis
759 2972 904 3015 esset
924 2980 1119 3017 mensae
1141 2967 1238 3032 illi,
1273 2970 1358 3019 cui

286 3037 507 3102 Delphis
545 3040 805 3091 insidebat
825 3041 1018 3106 Pythia
1050 3046 1259 3094 oracula
1281 3044 1357 3095 fa-

286 3112 443 3165 ciens.
522 3116 692 3166 Vetus
744 3118 1003 3181 interpres
1055 3119 1264 3170 Horatii
1303 3122 1356 3172 in

283 3189 413 3239 illud
437 3205 477 3239 1.
496 3191 607 3242 Sat.
633 3196 682 3241 6.
725 3193 741 3220 ‘
761 3193 835 3242 Et
858 3194 992 3257 lapis
1018 3195 1163 3246 albus
1186 3196 1357 3247 Pocu-

283 3266 336 3313 la
357 3278 473 3315 cum
493 3268 685 3331 cyatho
710 3268 813 3318 duo
838 3270 1096 3321 sustinet?
1129 3272 1145 3299 ‘
1165 3272 1358 3337 Lapis,'

285 3338 470 3404 inquit,
494 3344 512 3371 ⁸
532 3357 710 3393 mensa
735 3359 1041 3405 marmorea,
1062 3362 1210 3413 quam
1231 3350 1355 3399 Del·

282 3415 486 3478 phicam
526 3418 754 3468 vocant!
845 3420 1097 3487 Abacum,
1139 3425 1354 3488 Delphi·

227 3537 240 3552 ,
285 3504 394 3541 cam
431 3492 638 3543 Glossoe
674 3494 956 3560 Philoxeni
991 3501 1277 3563 appellant,
1298 3509 1354 3551 et

282 3566 585 3633 μινιστέριον,
628 3570 763 3632 quod
822 3586 887 3620 ex
941 3587 1003 3621 ea
1054 3576 1353 3636 poculorum

283 3657 458 3694 mensa
502 3645 733 3694 convivis
778 3647 1154 3699 ministrarent.
1223 3651 1352 3714 Ety-

284 3722 548 3784 mologusz
602 3722 838 3785 Δελφικὰ,
879 3723 969 3773 τὸν
1002 3724 1201 3789 τρίποδα
1243 3727 1352 3776 Ῥω-

281 3797 424 3854 pato«,
460 3795 565 3846 ἐπεὶ
598 3800 785 3861 πρῶτον
816 3799 871 3848 δν
890 3803 1101 3863 Δελφοῖς
1134 3802 1352 3864 γέγονεν.

284 3872 540 3922 Nimirum
587 3875 750 3938 primo
801 3877 1077 3939 Delphicae
1123 3879 1351 3943 Delphis

272 3945 508 3998 fiebant:
545 3956 832 4014 posteaque
869 3951 1037 4014 quivis
1071 3949 1215 4003 abaci
1239 3955 1352 4019 ejus

281 4020 462 4072 formae
487 4023 540 4072 id
563 4039 751 4074 nomen
780 4025 1028 4076 habuere.
1082 4029 1348 4082 Martialis

282 4111 381 4147 ιιι.
404 4104 488 4149 67.
519 4101 535 4128 ‘
553 4098 847 4164 Argentum
860 4108 1019 4166 atque
1037 4118 1217 4154 aurum
1242 4119 1344 4155 uon

282 4175 502 4239 simplex
517 4176 779 4240 Delphica
796 4177 1006 4241 portat)
1071 4178 1350 4246 Gruterus,

283 4266 398 4317 pag.
419 4257 568 4304 1115.
592 4266 661 4310 ex
679 4253 984 4309 sirmondoz
1006 4268 1346 4311 »tumean-

1433 2224 1560 2260 TAE.
1613 2214 1700 2262 De
1724 2211 1999 2275 Delphicis
2022 2211 2185 2259 multa
2210 2208 2502 2271 Procopius

1434 2287 1487 2336 in
1516 2288 1739 2337 Vandal.
1761 2287 1848 2336 lib.
1886 2301 1925 2335 1.
1951 2285 2322 2349 Acceptionem
2346 2286 2502 2333 aliam

1435 2363 1549 2427 ejus
1573 2365 1713 2412 vocis
1738 2362 1858 2411 vide
1892 2361 2028 2426 apud
2051 2363 2118 2409 V.
2150 2360 2229 2411 Cl.
2254 2361 2503 2409 Du·Can·

1436 2439 1599 2501 gium,
1651 2440 1704 2488 in
1761 2437 1914 2487 Notis
1967 2436 2033 2484 ad
2091 2433 2335 2484 Alexiad.
2378 2448 2501 2497 pag.

1433 2516 1552 2561 411.

1498 2596 1527 2632 s
1559 2586 1861 2651 Lychaachi]
1894 2585 2183 2647 Λυχνοῦχοι,
2202 2583 2500 2633 candelabra.

1435 2662 1507 2711 Et
1539 2663 1651 2712 baec
1671 2663 1979 2726 Tranquillo
2019 2675 2222 2726 quoque
2251 2668 2499 2725 usurpata

1434 2751 1536 2786 vox
1566 2739 1619 2787 in
1643 2738 1801 2799 Juno,
1836 2753 1952 2801 cap.
1977 2742 2059 2788 37.
2115 2737 2354 2786 Meminit
2376 2751 2499 2786 can·

1435 2812 1635 2863 delubri
1673 2813 1990 2875 Euphorion,
2015 2812 2152 2874 apud
2179 2811 2371 2861 Athen.
2408 2811 2498 2860 lib.

1437 2902 1533 2940 xv,
1557 2904 1676 2954 pag.
1697 2893 1814 2939 700.
1836 2888 1889 2937 in
1910 2902 2010 2952 quo
2031 2892 2103 2937 tot
2122 2889 2326 2936 lucernoe
2347 2887 2498 2937 arde-

1432 2972 1571 3028 rent,
1590 2962 1764 3027 λύχνοι
1790 2964 2027 3019 τοσοῦτοι,
2063 2971 2191 3027 quot
2227 2963 2337 3013 dies
2376 2965 2497 3015 anni

1432 3050 1574 3091 sunt.

1496 3115 1524 3149 ¹¹
1555 3116 1794 3178 Apollinis
1819 3112 2061 3175 Palatini]
2095 3113 2247 3166 Quod
2285 3113 2352 3163 ab
2387 3113 2496 3164 Au·

1432 3199 1583 3255 gusto
1607 3191 1923 3249 dedicatum,
1947 3204 2080 3240 anno
2101 3202 2363 3241 Dccxxvr.
2381 3191 2494 3254 ipso

1431 3276 1658 3332 sextum,
1694 3275 1748 3316 et
1783 3268 1860 3317 M.
1883 3266 2121 3329 Agrippa
2155 3266 2302 3317 Coss.
2335 3268 2497 3320 Trau-

1431 3344 1619 3409 quillus
1643 3345 1696 3392 iu
1732 3342 1992 3407 Augusto,
2013 3357 2062 3392 c.
2095 3346 2177 3393 29.
2211 3343 2275 3392 Ρ.
2298 3342 2499 3407 Victor,

1431 3420 1485 3470 in
1528 3420 1790 3483 Descript.
1834 3418 2037 3479 Roma,
2078 3419 2289 3482 regione
2335 3419 2495 3470 Urbis

1431 3497 1662 3546 decima:
1699 3502 1714 3524 ⁸
1734 3494 1887 3544 AEdes
1910 3494 2191 3558 Apollinis,
2212 3494 2297 3544 uhi
2320 3495 2493 3560 lychni

1431 3571 1729 3637 pendebant
1748 3572 1914 3621 instar
1949 3570 2143 3620 arboris
2165 3571 2299 3619 mala
2320 3569 2493 3624 fereu-

1431 3648 1539 3699 tis.'

1494 3723 1510 3757 ¹
1541 3723 1624 3786 Sp.
1659 3720 1843 3783 Cassii]
1878 3720 1930 3770 Is
1966 3734 2180 3783 regnum
2219 3716 2491 3778 affectans,

1429 3800 1518 3850 ubi
1544 3802 1760 3863 primum
1781 3797 2090 3860 niagistratu
2113 3795 2260 3858 abiit,
2278 3795 2487 3847 damua-

1430 3884 1537 3938 tus,
1577 3883 1896 3938 necatusque
1924 3879 2023 3922 est.
2091 3870 2107 3897 ‘
2126 3871 2258 3920 Sunt
2287 3873 2375 3936 qui
2400 3889 2490 3935 pa.

1431 3961 1565 4002 trem
1592 3958 1854 4000 auctorem
1889 3949 1999 4011 ejus
2023 3947 2264 4009 supplicii
2283 3947 2495 4011 ferant,'

1422 4027 1601 4094 inquit
1623 4026 1797 4074 Livius
1820 4023 1912 4072 lib.
1935 4035 1998 4072 ιι.
2023 4037 2073 4087 p.
2096 4026 2178 4075 35.
2198 4021 2215 4049 ‘
2232 4037 2349 4082 eum
2367 4038 2487 4088 cog-

1432 4103 1546 4151 nita
1568 4100 1705 4150 domi
1727 4112 1882 4148 causa
1904 4099 2205 4147 verberasse
2227 4112 2289 4151 ac
2309 4113 2491 4154 necas·

1431 4194 1518 4240 se3
1553 4175 1916 4241 peculiumque
1955 4173 2045 4222 filii
2088 4174 2265 4225 Cereri
2310 4189 2488 4227 conse-

1430 4255 1684 4317 cravisse3
1706 4252 1901 4317 signum
1925 4250 2044 4302 inde
2062 4247 2258 4301 factum
2277 4245 2409 4318 esse,
2428 4260 2485 4308 et
