<?xml version="1.0" encoding="UTF-8"?>
<!DOCTYPE html PUBLIC "-//W3C//DTD XHTML 1.0 Transitional//EN"
    "http://www.w3.org/TR/xhtml1/DTD/xhtml1-transitional.dtd">
<html xmlns="http://www.w3.org/1999/xhtml" xml:lang="en" lang="en">
 <head>
  <title>
</title>
<meta http-equiv="Content-Type" content="text/html;charset=utf-8" />
  <meta name='ocr-system' content='tesseract 3.04.00' />
  <meta name='ocr-capabilities' content='ocr_page ocr_carea ocr_par ocr_line ocrx_word'/>
</head>
<body>
  <div class='ocr_page' id='page_1' title='image "./cpliniisecundin01valpgoog_0719.png"; bbox 0 0 3000 4917; ppageno 0'>
   <div class='ocr_carea' id='block_1_1' title="bbox 844 413 2121 503">
    <p class='ocr_par' dir='ltr' id='par_1_1' title="bbox 844 413 2121 503">
     <span class='ocr_line' id='line_1_1' title="bbox 844 413 2121 503; baseline 0.005 -34"><span class='ocrx_word' id='word_1_1' title='bbox 844 423 911 470; x_wconf 84' lang='lat' dir='ltr'><strong>c.</strong></span> <span class='ocrx_word' id='word_1_2' title='bbox 960 422 1200 471; x_wconf 74' lang='grc' dir='ltr'><strong>ΡωΝιι</strong></span> <span class='ocrx_word' id='word_1_3' title='bbox 1249 417 1582 474; x_wconf 65' lang='lat' dir='ltr'><strong>suenum</strong></span> <span class='ocrx_word' id='word_1_4' title='bbox 1635 427 1784 478; x_wconf 77' lang='lat' dir='ltr'><strong>ms.</strong></span> <span class='ocrx_word' id='word_1_5' title='bbox 1835 430 1946 478; x_wconf 83' lang='grc' dir='ltr'><strong>ιη.</strong></span> <span class='ocrx_word' id='word_1_6' title='bbox 1986 413 2121 503; x_wconf 88' lang='grc'>(5.)</span> 
     </span>
    </p>
   </div>
   <div class='ocr_carea' id='block_1_2' title="bbox 382 560 1435 628">
    <p class='ocr_par' dir='ltr' id='par_1_2' title="bbox 382 560 1435 628">
     <span class='ocr_line' id='line_1_2' title="bbox 382 560 1435 628; baseline 0.007 -20"><span class='ocrx_word' id='word_1_7' title='bbox 382 572 539 622; x_wconf 85' lang='lat' dir='ltr'><strong>noua,</strong></span> <span class='ocrx_word' id='word_1_8' title='bbox 573 560 747 624; x_wconf 74' lang='lat' dir='ltr'><strong>eapite</strong></span> <span class='ocrx_word' id='word_1_9' title='bbox 786 568 866 613; x_wconf 83' lang='grc'><strong>16.</strong></span> <span class='ocrx_word' id='word_1_10' title='bbox 898 566 1174 628; x_wconf 81' lang='lat' dir='ltr'><strong>peculiaris</strong></span> <span class='ocrx_word' id='word_1_11' title='bbox 1208 565 1269 616; x_wconf 85' lang='lat' dir='ltr'><strong>fit</strong></span> <span class='ocrx_word' id='word_1_12' title='bbox 1300 581 1435 617; x_wconf 79' lang='lat' dir='ltr'><strong>eom·</strong></span> 
     </span>
    </p>
   </div>
   <div class='ocr_carea' id='block_1_3' title="bbox 371 639 1433 1009">
    <p class='ocr_par' dir='ltr' id='par_1_3' title="bbox 377 639 902 691">
     <span class='ocr_line' id='line_1_3' title="bbox 377 639 902 691; baseline 0.011 -7"><span class='ocrx_word' id='word_1_13' title='bbox 377 639 644 687; x_wconf 83' lang='lat' dir='ltr'><strong>mentatio.</strong></span> <span class='ocrx_word' id='word_1_14' title='bbox 681 640 902 691; x_wconf 77' lang='lat' dir='ltr'><strong>Pintinn.</strong></span> 
     </span>
    </p>

    <p class='ocr_par' dir='ltr' id='par_1_4' title="bbox 371 716 1433 1009">
     <span class='ocr_line' id='line_1_4' title="bbox 382 716 1433 780; baseline 0.008 -17"><span class='ocrx_word' id='word_1_15' title='bbox 382 746 390 754; x_wconf 92' lang='lat'>-</span> <span class='ocrx_word' id='word_1_16' title='bbox 443 716 505 764; x_wconf 73' lang='lat' dir='ltr'><strong>In</strong></span> <span class='ocrx_word' id='word_1_17' title='bbox 540 730 632 778; x_wconf 80' lang='lat' dir='ltr'><strong>qua</strong></span> <span class='ocrx_word' id='word_1_18' title='bbox 663 716 901 766; x_wconf 59' lang='lat' dir='ltr'><strong>Hert-uria</strong></span> <span class='ocrx_word' id='word_1_19' title='bbox 930 717 1026 780; x_wconf 73' lang='lat' dir='ltr'><strong>est]</strong></span> <span class='ocrx_word' id='word_1_20' title='bbox 1075 718 1157 767; x_wconf 86' lang='lat' dir='ltr'><strong>Ita</strong></span> <span class='ocrx_word' id='word_1_21' title='bbox 1182 727 1433 771; x_wconf 80' lang='lat' dir='ltr'><strong>vocarunt</strong></span> 
     </span>
     <span class='ocr_line' id='line_1_5' title="bbox 374 789 1432 859; baseline 0.006 -20"><span class='ocrx_word' id='word_1_22' title='bbox 374 789 589 852; x_wconf 82' lang='lat' dir='ltr'><strong>Pelasgi</strong></span> <span class='ocrx_word' id='word_1_23' title='bbox 614 801 835 851; x_wconf 79' lang='lat' dir='ltr'><strong>veteres,</strong></span> <span class='ocrx_word' id='word_1_24' title='bbox 860 796 945 859; x_wconf 86' lang='lat' dir='ltr'><strong>qni</strong></span> <span class='ocrx_word' id='word_1_25' title='bbox 978 795 1030 843; x_wconf 89' lang='lat' dir='ltr'><strong>in</strong></span> <span class='ocrx_word' id='word_1_26' title='bbox 1070 794 1225 844; x_wconf 82' lang='lat' dir='ltr'><strong>Italia</strong></span> <span class='ocrx_word' id='word_1_27' title='bbox 1254 810 1432 845; x_wconf 84' lang='lat' dir='ltr'><strong>conse-</strong></span> 
     </span>
     <span class='ocr_line' id='line_1_6' title="bbox 374 865 1432 933; baseline 0.008 -20"><span class='ocrx_word' id='word_1_28' title='bbox 374 865 584 927; x_wconf 82' lang='lat' dir='ltr'><strong>derunt,</strong></span> <span class='ocrx_word' id='word_1_29' title='bbox 624 868 846 915; x_wconf 84' lang='lat' dir='ltr'><strong>nobilem</strong></span> <span class='ocrx_word' id='word_1_30' title='bbox 882 883 995 918; x_wconf 78' lang='lat' dir='ltr'><strong>eam</strong></span> <span class='ocrx_word' id='word_1_31' title='bbox 1038 879 1238 933; x_wconf 82' lang='lat' dir='ltr'><strong>partem</strong></span> <span class='ocrx_word' id='word_1_32' title='bbox 1263 871 1432 921; x_wconf 77' lang='lat' dir='ltr'><strong>Italiae</strong></span> 
     </span>
     <span class='ocr_line' id='line_1_7' title="bbox 371 942 1431 1009; baseline 0.007 -20"><span class='ocrx_word' id='word_1_33' title='bbox 371 950 676 994; x_wconf 72' lang='lat' dir='ltr'><strong>montosam.</strong></span> <span class='ocrx_word' id='word_1_34' title='bbox 708 942 865 1007; x_wconf 80' lang='grc' dir='ltr'><strong><em>ὅθρυες</em></strong></span> <span class='ocrx_word' id='word_1_35' title='bbox 896 948 1032 994; x_wconf 89' lang='lat' dir='ltr'><strong>enim</strong></span> <span class='ocrx_word' id='word_1_36' title='bbox 1056 952 1275 1009; x_wconf 85' lang='lat' dir='ltr'><strong>montes,</strong></span> <span class='ocrx_word' id='word_1_37' title='bbox 1297 947 1431 996; x_wconf 84' lang='lat' dir='ltr'><strong>uude</strong></span> 
     </span>
    </p>
   </div>
   <div class='ocr_carea' id='block_1_4' title="bbox 372 1015 1434 1087">
    <p class='ocr_par' dir='ltr' id='par_1_5' title="bbox 372 1015 1434 1087">
     <span class='ocr_line' id='line_1_8' title="bbox 372 1015 1434 1087; baseline 0.007 -22"><span class='ocrx_word' id='word_1_38' title='bbox 372 1016 436 1066; x_wconf 83' lang='lat' dir='ltr'><strong>fit</strong></span> <span class='ocrx_word' id='word_1_39' title='bbox 459 1015 635 1085; x_wconf 74' lang='grc' dir='ltr'><strong><em>ἔθρνες,</em></strong></span> <span class='ocrx_word' id='word_1_40' title='bbox 659 1037 685 1068; x_wconf 87' lang='grc' dir='ltr'><strong><em>ο</em></strong></span> <span class='ocrx_word' id='word_1_41' title='bbox 708 1022 759 1069; x_wconf 87' lang='lat' dir='ltr'><strong>iu</strong></span> <span class='ocrx_word' id='word_1_42' title='bbox 783 1038 807 1069; x_wconf 83' lang='grc' dir='ltr'><strong>ε</strong></span> <span class='ocrx_word' id='word_1_43' title='bbox 831 1030 1049 1077; x_wconf 84' lang='lat' dir='ltr'><strong>mutato,</strong></span> <span class='ocrx_word' id='word_1_44' title='bbox 1074 1024 1204 1072; x_wconf 88' lang='lat' dir='ltr'><strong>utin</strong></span> <span class='ocrx_word' id='word_1_45' title='bbox 1230 1024 1434 1087; x_wconf 80' lang='lat' dir='ltr'><strong>Apelle,</strong></span> 
     </span>
    </p>
   </div>
   <div class='ocr_carea' id='block_1_5' title="bbox 283 1093 1430 4294">
    <p class='ocr_par' dir='ltr' id='par_1_6' title="bbox 283 1093 1430 2079">
     <span class='ocr_line' id='line_1_9' title="bbox 369 1093 1430 1161; baseline 0.005 -18"><span class='ocrx_word' id='word_1_46' title='bbox 369 1093 561 1157; x_wconf 85' lang='lat' dir='ltr'><strong>Apollo</strong></span> <span class='ocrx_word' id='word_1_47' title='bbox 581 1113 594 1144; x_wconf 73' lang='grc' dir='ltr'>ε</span> <span class='ocrx_word' id='word_1_48' title='bbox 615 1095 706 1155; x_wconf 73' lang='grc' dir='ltr'><strong>τὴν</strong></span> <span class='ocrx_word' id='word_1_49' title='bbox 717 1096 929 1160; x_wconf 72' lang='grc' dir='ltr'><strong>πεδιάδα,</strong></span> <span class='ocrx_word' id='word_1_50' title='bbox 951 1100 1258 1161; x_wconf 74' lang='lat' dir='ltr'><strong><em>Campaniam</em></strong></span> <span class='ocrx_word' id='word_1_51' title='bbox 1272 1117 1289 1150; x_wconf 81' lang='grc'><strong>.-</strong></span> <span class='ocrx_word' id='word_1_52' title='bbox 1312 1117 1430 1161; x_wconf 82' lang='grc' dir='ltr'>καμ-</span> 
     </span>
     <span class='ocr_line' id='line_1_10' title="bbox 366 1169 1429 1240; baseline 0.007 -21"><span class='ocrx_word' id='word_1_53' title='bbox 366 1169 457 1220; x_wconf 66' lang='lat' dir='ltr'><strong>ros</strong></span> <span class='ocrx_word' id='word_1_54' title='bbox 478 1174 614 1222; x_wconf 88' lang='lat' dir='ltr'><strong>enim</strong></span> <span class='ocrx_word' id='word_1_55' title='bbox 648 1189 746 1223; x_wconf 85' lang='lat' dir='ltr'><strong>vox</strong></span> <span class='ocrx_word' id='word_1_56' title='bbox 778 1176 947 1237; x_wconf 86' lang='lat' dir='ltr'><strong>prisca</strong></span> <span class='ocrx_word' id='word_1_57' title='bbox 965 1177 1214 1238; x_wconf 73' lang='lat' dir='ltr'><strong>planitiem</strong></span> <span class='ocrx_word' id='word_1_58' title='bbox 1235 1177 1429 1240; x_wconf 79' lang='lat' dir='ltr'><strong>signiti-</strong></span> 
     </span>
     <span class='ocr_line' id='line_1_11' title="bbox 367 1250 1427 1315; baseline 0.008 -21"><span class='ocrx_word' id='word_1_59' title='bbox 367 1256 472 1296; x_wconf 62' lang='grc' dir='ltr'><strong>(τοι.</strong></span> <span class='ocrx_word' id='word_1_60' title='bbox 538 1250 628 1298; x_wconf 79' lang='lat' dir='ltr'><strong>Sic</strong></span> <span class='ocrx_word' id='word_1_61' title='bbox 666 1250 971 1306; x_wconf 75' lang='lat' dir='ltr'><strong>Hernicum,</strong></span> <span class='ocrx_word' id='word_1_62' title='bbox 1010 1266 1265 1315; x_wconf 82' lang='lat' dir='ltr'><strong>asperam,</strong></span> <span class='ocrx_word' id='word_1_63' title='bbox 1289 1261 1344 1303; x_wconf 88' lang='lat' dir='ltr'><strong>ut</strong></span> <span class='ocrx_word' id='word_1_64' title='bbox 1377 1255 1427 1302; x_wconf 91' lang='lat' dir='ltr'><strong>in</strong></span> 
     </span>
     <span class='ocr_line' id='line_1_12' title="bbox 367 1323 1427 1390; baseline 0.005 -18"><span class='ocrx_word' id='word_1_65' title='bbox 367 1323 581 1373; x_wconf 79' lang='lat' dir='ltr'><strong>Graeeia</strong></span> <span class='ocrx_word' id='word_1_66' title='bbox 614 1329 851 1390; x_wconf 72' lang='grc' dir='ltr'><strong><em>τραχῖναε</em></strong></span> <span class='ocrx_word' id='word_1_67' title='bbox 900 1326 1143 1385; x_wconf 63' lang='grc' dir='ltr'><strong>ἀει-σελίσιν,</strong></span> <span class='ocrx_word' id='word_1_68' title='bbox 1178 1329 1427 1385; x_wconf 56' lang='lat' dir='ltr'><strong>&amp;novatam</strong></span> 
     </span>
     <span class='ocr_line' id='line_1_13' title="bbox 365 1401 1430 1466; baseline 0.008 -17"><span class='ocrx_word' id='word_1_69' title='bbox 365 1417 420 1449; x_wconf 75' lang='lat' dir='ltr'><strong>oe</strong></span> <span class='ocrx_word' id='word_1_70' title='bbox 445 1401 495 1450; x_wconf 91' lang='lat' dir='ltr'><strong>in</strong></span> <span class='ocrx_word' id='word_1_71' title='bbox 519 1420 575 1451; x_wconf 87' lang='grc' dir='ltr'><strong>ου</strong></span> <span class='ocrx_word' id='word_1_72' title='bbox 595 1412 899 1466; x_wconf 75' lang='lat' dir='ltr'><strong>contract03</strong></span> <span class='ocrx_word' id='word_1_73' title='bbox 934 1403 1025 1463; x_wconf 79' lang='grc' dir='ltr'><strong>ἕλη</strong></span> <span class='ocrx_word' id='word_1_74' title='bbox 1045 1406 1180 1454; x_wconf 89' lang='lat' dir='ltr'><strong>enim</strong></span> <span class='ocrx_word' id='word_1_75' title='bbox 1203 1408 1289 1459; x_wconf 81' lang='lat' dir='ltr'><strong>sol.</strong></span> <span class='ocrx_word' id='word_1_76' title='bbox 1357 1408 1430 1458; x_wconf 87' lang='lat' dir='ltr'><strong>Et</strong></span> 
     </span>
     <span class='ocr_line' id='line_1_14' title="bbox 361 1477 1429 1547; baseline 0.009 -23"><span class='ocrx_word' id='word_1_77' title='bbox 361 1477 416 1529; x_wconf 81' lang='lat' dir='ltr'><strong>iu</strong></span> <span class='ocrx_word' id='word_1_78' title='bbox 455 1479 568 1541; x_wconf 83' lang='lat' dir='ltr'><strong>ipsa</strong></span> <span class='ocrx_word' id='word_1_79' title='bbox 602 1481 798 1542; x_wconf 78' lang='lat' dir='ltr'><strong>Apulia</strong></span> <span class='ocrx_word' id='word_1_80' title='bbox 825 1482 1097 1546; x_wconf 74' lang='grc' dir='ltr'><strong><em>μεταπίους,</em></strong></span> <span class='ocrx_word' id='word_1_81' title='bbox 1136 1498 1251 1532; x_wconf 78' lang='lat' dir='ltr'><strong>nam</strong></span> <span class='ocrx_word' id='word_1_82' title='bbox 1284 1483 1429 1547; x_wconf 71' lang='grc' dir='ltr'><strong><em>ἄπιοι,</em></strong></span> 
     </span>
     <span class='ocr_line' id='line_1_15' title="bbox 363 1555 1426 1621; baseline 0.008 -19"><span class='ocrx_word' id='word_1_83' title='bbox 363 1556 574 1613; x_wconf 76' lang='lat' dir='ltr'><strong>advenoe,</strong></span> <span class='ocrx_word' id='word_1_84' title='bbox 600 1565 656 1606; x_wconf 88' lang='lat' dir='ltr'><strong>ut</strong></span> <span class='ocrx_word' id='word_1_85' title='bbox 679 1555 924 1618; x_wconf 75' lang='grc' dir='ltr'><strong><em>ἰθαγενεῖς,</em></strong></span> <span class='ocrx_word' id='word_1_86' title='bbox 946 1559 1271 1621; x_wconf 59' lang='lat' dir='ltr'><strong>Aeon-{genem</strong></span> <span class='ocrx_word' id='word_1_87' title='bbox 1304 1563 1426 1611; x_wconf 88' lang='lat' dir='ltr'><strong>etin</strong></span> 
     </span>
     <span class='ocr_line' id='line_1_16' title="bbox 361 1630 1425 1703; baseline 0.008 -23"><span class='ocrx_word' id='word_1_88' title='bbox 361 1630 477 1703; x_wconf 78' lang='lat' dir='ltr'><strong>ipsa</strong></span> <span class='ocrx_word' id='word_1_89' title='bbox 517 1633 768 1683; x_wconf 84' lang='lat' dir='ltr'><strong>Hetruria</strong></span> <span class='ocrx_word' id='word_1_90' title='bbox 800 1636 1043 1698; x_wconf 87' lang='lat' dir='ltr'><strong>Umbros,</strong></span> <span class='ocrx_word' id='word_1_91' title='bbox 1078 1639 1302 1700; x_wconf 82' lang='lat' dir='ltr'><strong>spurios,</strong></span> <span class='ocrx_word' id='word_1_92' title='bbox 1336 1654 1425 1688; x_wconf 87' lang='lat' dir='ltr'><strong>no·</strong></span> 
     </span>
     <span class='ocr_line' id='line_1_17' title="bbox 365 1709 1424 1777; baseline 0.006 -19"><span class='ocrx_word' id='word_1_93' title='bbox 365 1709 503 1767; x_wconf 78' lang='lat' dir='ltr'><strong>lbos,</strong></span> <span class='ocrx_word' id='word_1_94' title='bbox 527 1709 790 1760; x_wconf 55' lang='lat' dir='ltr'><strong>insititio&amp;</strong></span> <span class='ocrx_word' id='word_1_95' title='bbox 815 1712 1007 1775; x_wconf 82' lang='lat' dir='ltr'><strong>Scalig.</strong></span> <span class='ocrx_word' id='word_1_96' title='bbox 1031 1714 1084 1761; x_wconf 87' lang='lat' dir='ltr'><strong>in</strong></span> <span class='ocrx_word' id='word_1_97' title='bbox 1108 1713 1227 1764; x_wconf 80' lang='lat' dir='ltr'><strong>Var.</strong></span> <span class='ocrx_word' id='word_1_98' title='bbox 1250 1728 1424 1777; x_wconf 83' lang='lat' dir='ltr'><strong>qnam-</strong></span> 
     </span>
     <span class='ocr_line' id='line_1_18' title="bbox 360 1784 1423 1852; baseline 0.009 -20"><span class='ocrx_word' id='word_1_99' title='bbox 360 1784 440 1833; x_wconf 82' lang='lat' dir='ltr'><strong>vis</strong></span> <span class='ocrx_word' id='word_1_100' title='bbox 463 1788 631 1835; x_wconf 87' lang='lat' dir='ltr'><strong>Varro</strong></span> <span class='ocrx_word' id='word_1_101' title='bbox 655 1789 767 1851; x_wconf 87' lang='lat' dir='ltr'><strong>ipse</strong></span> <span class='ocrx_word' id='word_1_102' title='bbox 785 1795 865 1837; x_wconf 71' lang='grc' dir='ltr'><strong>ιν.</strong></span> <span class='ocrx_word' id='word_1_103' title='bbox 879 1789 943 1837; x_wconf 88' lang='lat' dir='ltr'><strong>de</strong></span> <span class='ocrx_word' id='word_1_104' title='bbox 964 1790 1108 1852; x_wconf 84' lang='lat' dir='ltr'><strong>Liug.</strong></span> <span class='ocrx_word' id='word_1_105' title='bbox 1125 1789 1241 1839; x_wconf 84' lang='lat' dir='ltr'><strong>Lat.</strong></span> <span class='ocrx_word' id='word_1_106' title='bbox 1263 1794 1278 1819; x_wconf 80' lang='lat'><strong><em>⁴</em></strong></span> <span class='ocrx_word' id='word_1_107' title='bbox 1299 1792 1423 1841; x_wconf 90' lang='lat' dir='ltr'><strong>Um·</strong></span> 
     </span>
     <span class='ocr_line' id='line_1_19' title="bbox 364 1861 1424 1930; baseline 0.004 -19"><span class='ocrx_word' id='word_1_108' title='bbox 364 1861 485 1912; x_wconf 77' lang='lat' dir='ltr'><strong>bros</strong></span> <span class='ocrx_word' id='word_1_109' title='bbox 504 1862 518 1884; x_wconf 91' lang='grc'><strong><em>’</em></strong></span> <span class='ocrx_word' id='word_1_110' title='bbox 554 1864 724 1914; x_wconf 79' lang='lat' dir='ltr'><strong>dictos</strong></span> <span class='ocrx_word' id='word_1_111' title='bbox 756 1866 885 1915; x_wconf 81' lang='lat' dir='ltr'><strong>velit</strong></span> <span class='ocrx_word' id='word_1_112' title='bbox 908 1865 974 1914; x_wconf 86' lang='lat' dir='ltr'><strong>ab</strong></span> <span class='ocrx_word' id='word_1_113' title='bbox 997 1866 1182 1927; x_wconf 87' lang='lat' dir='ltr'><strong>imbre,</strong></span> <span class='ocrx_word' id='word_1_114' title='bbox 1198 1866 1335 1930; x_wconf 84' lang='lat' dir='ltr'><strong>qnod</strong></span> <span class='ocrx_word' id='word_1_115' title='bbox 1362 1882 1424 1916; x_wconf 80' lang='lat' dir='ltr'><strong>ea</strong></span> 
     </span>
     <span class='ocr_line' id='line_1_20' title="bbox 283 1939 1419 2006; baseline 0.005 -20"><span class='ocrx_word' id='word_1_116' title='bbox 283 1965 290 1972; x_wconf 66' lang='grc'><strong>«</strong></span> <span class='ocrx_word' id='word_1_117' title='bbox 357 1941 505 2006; x_wconf 81' lang='lat' dir='ltr'><strong>regio</strong></span> <span class='ocrx_word' id='word_1_118' title='bbox 527 1940 595 1990; x_wconf 82' lang='lat' dir='ltr'><strong>sit</strong></span> <span class='ocrx_word' id='word_1_119' title='bbox 626 1942 850 2003; x_wconf 77' lang='lat' dir='ltr'><strong>humilis,</strong></span> <span class='ocrx_word' id='word_1_120' title='bbox 872 1951 926 1991; x_wconf 84' lang='lat' dir='ltr'><strong>et</strong></span> <span class='ocrx_word' id='word_1_121' title='bbox 957 1939 1132 1991; x_wconf 88' lang='lat' dir='ltr'><strong>multis</strong></span> <span class='ocrx_word' id='word_1_122' title='bbox 1169 1942 1419 1992; x_wconf 86' lang='lat' dir='ltr'><strong>imbribus</strong></span> 
     </span>
     <span class='ocr_line' id='line_1_21' title="bbox 359 2014 788 2079; baseline 0.005 -16"><span class='ocrx_word' id='word_1_123' title='bbox 359 2014 590 2079; x_wconf 82' lang='lat' dir='ltr'><strong>perfusa.</strong></span> <span class='ocrx_word' id='word_1_124' title='bbox 622 2018 788 2067; x_wconf 76' lang='lat' dir='ltr'><strong>Doleo.</strong></span> 
     </span>
    </p>

    <p class='ocr_par' dir='ltr' id='par_1_7' title="bbox 355 2090 1423 2381">
     <span class='ocr_line' id='line_1_22' title="bbox 429 2090 1423 2155; baseline 0.004 -16"><span class='ocrx_word' id='word_1_125' title='bbox 429 2090 628 2155; x_wconf 62' lang='lat' dir='ltr'><strong>ssusa-i]</strong></span> <span class='ocrx_word' id='word_1_126' title='bbox 687 2093 826 2142; x_wconf 83' lang='lat' dir='ltr'><strong>Dicti</strong></span> <span class='ocrx_word' id='word_1_127' title='bbox 862 2099 986 2142; x_wconf 89' lang='lat' dir='ltr'><strong>sunt</strong></span> <span class='ocrx_word' id='word_1_128' title='bbox 1028 2092 1123 2143; x_wconf 75' lang='grc' dir='ltr'><strong>ἀπὸ</strong></span> <span class='ocrx_word' id='word_1_129' title='bbox 1152 2095 1243 2142; x_wconf 77' lang='grc' dir='ltr'><strong>τοῦ</strong></span> <span class='ocrx_word' id='word_1_130' title='bbox 1281 2091 1423 2143; x_wconf 71' lang='grc' dir='ltr'><strong><em>θύειν.</em></strong></span> 
     </span>
     <span class='ocr_line' id='line_1_23' title="bbox 359 2167 1421 2234; baseline 0.003 -18"><span class='ocrx_word' id='word_1_131' title='bbox 359 2168 444 2216; x_wconf 87' lang='lat' dir='ltr'><strong>De</strong></span> <span class='ocrx_word' id='word_1_132' title='bbox 468 2167 667 2218; x_wconf 89' lang='lat' dir='ltr'><strong>illorum</strong></span> <span class='ocrx_word' id='word_1_133' title='bbox 693 2171 913 2234; x_wconf 78' lang='lat' dir='ltr'><strong>origine,</strong></span> <span class='ocrx_word' id='word_1_134' title='bbox 930 2171 1169 2233; x_wconf 83' lang='lat' dir='ltr'><strong>imperio,</strong></span> <span class='ocrx_word' id='word_1_135' title='bbox 1191 2177 1245 2221; x_wconf 88' lang='lat' dir='ltr'><strong>et</strong></span> <span class='ocrx_word' id='word_1_136' title='bbox 1262 2181 1421 2232; x_wconf 88' lang='lat' dir='ltr'><strong>statu,</strong></span> 
     </span>
     <span class='ocr_line' id='line_1_24' title="bbox 356 2242 1418 2297; baseline 0.006 -7"><span class='ocrx_word' id='word_1_137' title='bbox 356 2242 479 2291; x_wconf 82' lang='lat' dir='ltr'><strong>vide</strong></span> <span class='ocrx_word' id='word_1_138' title='bbox 516 2243 873 2295; x_wconf 77' lang='lat' dir='ltr'><strong>Alexandrum</strong></span> <span class='ocrx_word' id='word_1_139' title='bbox 904 2245 970 2295; x_wconf 83' lang='lat' dir='ltr'><strong>ab</strong></span> <span class='ocrx_word' id='word_1_140' title='bbox 1010 2245 1163 2297; x_wconf 85' lang='lat' dir='ltr'><strong>Alex.</strong></span> <span class='ocrx_word' id='word_1_141' title='bbox 1202 2246 1292 2297; x_wconf 86' lang='lat' dir='ltr'><strong>lib.</strong></span> <span class='ocrx_word' id='word_1_142' title='bbox 1330 2261 1418 2297; x_wconf 86' lang='grc' dir='ltr'>ιιι.</span> 
     </span>
     <span class='ocr_line' id='line_1_25' title="bbox 355 2320 781 2381; baseline -0.005 -13"><span class='ocrx_word' id='word_1_143' title='bbox 355 2332 477 2381; x_wconf 81' lang='lat' dir='ltr'><strong>cap.</strong></span> <span class='ocrx_word' id='word_1_144' title='bbox 496 2321 591 2369; x_wconf 87' lang='lat' dir='ltr'><strong>ult.</strong></span> <span class='ocrx_word' id='word_1_145' title='bbox 628 2320 781 2369; x_wconf 70' lang='lat' dir='ltr'><strong>Idem.</strong></span> 
     </span>
    </p>

    <p class='ocr_par' dir='ltr' id='par_1_8' title="bbox 287 2395 1419 3072">
     <span class='ocr_line' id='line_1_26' title="bbox 428 2395 1417 2459; baseline 0.004 -16"><span class='ocrx_word' id='word_1_146' title='bbox 428 2395 668 2459; x_wconf 76' lang='lat' dir='ltr'><strong>Oppidum</strong></span> <span class='ocrx_word' id='word_1_147' title='bbox 686 2395 852 2459; x_wconf 75' lang='lat' dir='ltr'><strong>Luna]</strong></span> <span class='ocrx_word' id='word_1_148' title='bbox 878 2397 1056 2459; x_wconf 75' lang='lat' dir='ltr'><strong>Lunae,</strong></span> <span class='ocrx_word' id='word_1_149' title='bbox 1074 2396 1252 2447; x_wconf 62' lang='lat' dir='ltr'><strong>Petras</strong></span> <span class='ocrx_word' id='word_1_150' title='bbox 1274 2412 1417 2447; x_wconf 80' lang='lat' dir='ltr'><strong>saue·</strong></span> 
     </span>
     <span class='ocr_line' id='line_1_27' title="bbox 354 2473 1419 2528; baseline 0 -6"><span class='ocrx_word' id='word_1_151' title='bbox 354 2481 449 2528; x_wconf 66' lang='lat' dir='ltr'><strong>te,</strong></span> <span class='ocrx_word' id='word_1_152' title='bbox 494 2482 552 2521; x_wconf 90' lang='lat' dir='ltr'><strong>et</strong></span> <span class='ocrx_word' id='word_1_153' title='bbox 596 2473 829 2521; x_wconf 77' lang='lat' dir='ltr'><strong>Carrarae</strong></span> <span class='ocrx_word' id='word_1_154' title='bbox 892 2477 1162 2523; x_wconf 76' lang='lat' dir='ltr'><strong>montanos</strong></span> <span class='ocrx_word' id='word_1_155' title='bbox 1203 2474 1419 2523; x_wconf 84' lang='lat' dir='ltr'><strong>incolas.</strong></span> 
     </span>
     <span class='ocr_line' id='line_1_28' title="bbox 352 2547 1417 2614; baseline 0.003 -18"><span class='ocrx_word' id='word_1_156' title='bbox 352 2548 550 2597; x_wconf 63' lang='lat' dir='ltr'><strong>Livius‘</strong></span> <span class='ocrx_word' id='word_1_157' title='bbox 576 2547 863 2611; x_wconf 85' lang='lat' dir='ltr'><strong>Appuauos</strong></span> <span class='ocrx_word' id='word_1_158' title='bbox 902 2550 1120 2612; x_wconf 79' lang='lat' dir='ltr'><strong>Ligures</strong></span> <span class='ocrx_word' id='word_1_159' title='bbox 1165 2550 1417 2614; x_wconf 84' lang='lat' dir='ltr'><strong>appellat,</strong></span> 
     </span>
     <span class='ocr_line' id='line_1_29' title="bbox 352 2623 1417 2689; baseline 0.002 -16"><span class='ocrx_word' id='word_1_160' title='bbox 352 2625 447 2674; x_wconf 90' lang='lat' dir='ltr'><strong>lib.</strong></span> <span class='ocrx_word' id='word_1_161' title='bbox 487 2640 549 2674; x_wconf 63' lang='lat' dir='ltr'><strong>xc</strong></span> <span class='ocrx_word' id='word_1_162' title='bbox 579 2628 644 2674; x_wconf 80' lang='lat' dir='ltr'><strong>ad</strong></span> <span class='ocrx_word' id='word_1_163' title='bbox 682 2623 1186 2689; x_wconf 67' lang='lat' dir='ltr'><strong>Macramfluvinm,</strong></span> <span class='ocrx_word' id='word_1_164' title='bbox 1210 2641 1333 2687; x_wconf 90' lang='lat' dir='ltr'><strong>non,</strong></span> <span class='ocrx_word' id='word_1_165' title='bbox 1359 2632 1417 2676; x_wconf 88' lang='lat' dir='ltr'><strong>ut</strong></span> 
     </span>
     <span class='ocr_line' id='line_1_30' title="bbox 354 2702 1412 2768; baseline 0.006 -21"><span class='ocrx_word' id='word_1_166' title='bbox 354 2702 511 2765; x_wconf 76' lang='lat' dir='ltr'><strong>vulgo</strong></span> <span class='ocrx_word' id='word_1_167' title='bbox 535 2704 743 2768; x_wconf 78' lang='lat' dir='ltr'><strong>legitur,</strong></span> <span class='ocrx_word' id='word_1_168' title='bbox 766 2704 1005 2766; x_wconf 81' lang='lat' dir='ltr'><strong>Moeram,</strong></span> <span class='ocrx_word' id='word_1_169' title='bbox 1024 2705 1168 2753; x_wconf 88' lang='lat' dir='ltr'><strong>sitos.</strong></span> <span class='ocrx_word' id='word_1_170' title='bbox 1210 2705 1412 2767; x_wconf 84' lang='lat' dir='ltr'><strong>Rupem</strong></span> 
     </span>
     <span class='ocr_line' id='line_1_31' title="bbox 352 2781 1415 2831; baseline 0.003 -3"><span class='ocrx_word' id='word_1_171' title='bbox 352 2793 418 2828; x_wconf 87' lang='lat' dir='ltr'><strong>eo</strong></span> <span class='ocrx_word' id='word_1_172' title='bbox 442 2787 612 2829; x_wconf 85' lang='lat' dir='ltr'><strong>tractu</strong></span> <span class='ocrx_word' id='word_1_173' title='bbox 637 2781 895 2830; x_wconf 78' lang='lat' dir='ltr'><strong>excelsam</strong></span> <span class='ocrx_word' id='word_1_174' title='bbox 917 2782 1082 2830; x_wconf 73' lang='lat' dir='ltr'><strong>adbuc</strong></span> <span class='ocrx_word' id='word_1_175' title='bbox 1101 2789 1288 2830; x_wconf 81' lang='lat' dir='ltr'><strong>vocant</strong></span> <span class='ocrx_word' id='word_1_176' title='bbox 1313 2782 1415 2831; x_wconf 88' lang='lat' dir='ltr'><strong>Pe-</strong></span> 
     </span>
     <span class='ocr_line' id='line_1_32' title="bbox 349 2858 1412 2919; baseline 0.004 -16"><span class='ocrx_word' id='word_1_177' title='bbox 349 2861 486 2905; x_wconf 88' lang='lat' dir='ltr'><strong>tram</strong></span> <span class='ocrx_word' id='word_1_178' title='bbox 513 2858 748 2907; x_wconf 71' lang='lat' dir='ltr'><strong>Panium.</strong></span> <span class='ocrx_word' id='word_1_179' title='bbox 807 2858 1059 2907; x_wconf 77' lang='lat' dir='ltr'>Lunensis</span> <span class='ocrx_word' id='word_1_180' title='bbox 1079 2863 1258 2919; x_wconf 86' lang='lat' dir='ltr'><strong>portus</strong></span> <span class='ocrx_word' id='word_1_181' title='bbox 1283 2858 1412 2907; x_wconf 83' lang='lat' dir='ltr'><strong>Pto·</strong></span> 
     </span>
     <span class='ocr_line' id='line_1_33' title="bbox 287 2932 1413 2998; baseline 0.003 -18"><span class='ocrx_word' id='word_1_182' title='bbox 287 2951 292 2956; x_wconf 89' lang='lat'><strong>·</strong></span> <span class='ocrx_word' id='word_1_183' title='bbox 349 2932 537 2981; x_wconf 78' lang='lat' dir='ltr'><strong>lomoeo</strong></span> <span class='ocrx_word' id='word_1_184' title='bbox 573 2933 713 2983; x_wconf 86' lang='lat' dir='ltr'><strong>sinus</strong></span> <span class='ocrx_word' id='word_1_185' title='bbox 751 2935 967 2998; x_wconf 77' lang='lat' dir='ltr'>Erycis:</span> <span class='ocrx_word' id='word_1_186' title='bbox 1017 2933 1169 2983; x_wconf 87' lang='lat' dir='ltr'><strong>bodie</strong></span> <span class='ocrx_word' id='word_1_187' title='bbox 1194 2939 1330 2997; x_wconf 77' lang='lat' dir='ltr'><strong>porto</strong></span> <span class='ocrx_word' id='word_1_188' title='bbox 1360 2936 1413 2983; x_wconf 77' lang='lat' dir='ltr'><strong>di</strong></span> 
     </span>
     <span class='ocr_line' id='line_1_34' title="bbox 351 3008 741 3072; baseline 0.008 -15"><span class='ocrx_word' id='word_1_189' title='bbox 351 3008 541 3072; x_wconf 76' lang='lat' dir='ltr'><strong>Spetioe.</strong></span> <span class='ocrx_word' id='word_1_190' title='bbox 575 3010 741 3060; x_wconf 76' lang='lat' dir='ltr'><strong>Idem.</strong></span> 
     </span>
    </p>

    <p class='ocr_par' dir='ltr' id='par_1_9' title="bbox 289 3085 1414 3438">
     <span class='ocr_line' id='line_1_35' title="bbox 418 3085 1412 3149; baseline 0.003 -16"><span class='ocrx_word' id='word_1_191' title='bbox 418 3085 578 3148; x_wconf 75' lang='lat' dir='ltr'><strong>Pisoe]</strong></span> <span class='ocrx_word' id='word_1_192' title='bbox 626 3087 715 3135; x_wconf 76' lang='lat' dir='ltr'><strong>Sic</strong></span> <span class='ocrx_word' id='word_1_193' title='bbox 753 3085 933 3148; x_wconf 78' lang='lat' dir='ltr'><strong>dictae,</strong></span> <span class='ocrx_word' id='word_1_194' title='bbox 955 3085 1094 3149; x_wconf 85' lang='lat' dir='ltr'><strong>qnod</strong></span> <span class='ocrx_word' id='word_1_195' title='bbox 1130 3086 1182 3134; x_wconf 88' lang='lat' dir='ltr'><strong>in</strong></span> <span class='ocrx_word' id='word_1_196' title='bbox 1205 3085 1412 3136; x_wconf 84' lang='lat' dir='ltr'><strong>humido</strong></span> 
     </span>
     <span class='ocr_line' id='line_1_36' title="bbox 351 3160 1414 3223; baseline 0.002 -14"><span class='ocrx_word' id='word_1_197' title='bbox 351 3161 474 3209; x_wconf 82' lang='lat' dir='ltr'><strong>loco</strong></span> <span class='ocrx_word' id='word_1_198' title='bbox 495 3161 679 3223; x_wconf 73' lang='lat' dir='ltr'><strong>positas</strong></span> <span class='ocrx_word' id='word_1_199' title='bbox 717 3161 840 3210; x_wconf 85' lang='lat' dir='ltr'><strong>siut.</strong></span> <span class='ocrx_word' id='word_1_200' title='bbox 906 3162 1047 3210; x_wconf 80' lang='lat' dir='ltr'><strong>Loca</strong></span> <span class='ocrx_word' id='word_1_201' title='bbox 1070 3163 1205 3210; x_wconf 77' lang='lat' dir='ltr'><strong>enim</strong></span> <span class='ocrx_word' id='word_1_202' title='bbox 1228 3160 1414 3211; x_wconf 83' lang='lat' dir='ltr'><strong>uda·et</strong></span> 
     </span>
     <span class='ocr_line' id='line_1_37' title="bbox 354 3236 1414 3298; baseline 0 -14"><span class='ocrx_word' id='word_1_203' title='bbox 354 3236 600 3285; x_wconf 83' lang='lat' dir='ltr'><strong>humecta</strong></span> <span class='ocrx_word' id='word_1_204' title='bbox 634 3237 810 3288; x_wconf 72' lang='lat' dir='ltr'><strong>Graeei</strong></span> <span class='ocrx_word' id='word_1_205' title='bbox 833 3236 952 3286; x_wconf 74' lang='grc' dir='ltr'><strong>πίσα</strong></span> <span class='ocrx_word' id='word_1_206' title='bbox 974 3243 1180 3298; x_wconf 77' lang='lat' dir='ltr'><strong>vocent,</strong></span> <span class='ocrx_word' id='word_1_207' title='bbox 1212 3236 1305 3285; x_wconf 77' lang='grc' dir='ltr'><strong>ἀπὸ</strong></span> <span class='ocrx_word' id='word_1_208' title='bbox 1324 3237 1414 3286; x_wconf 68' lang='lat' dir='ltr'><strong>rof}</strong></span> 
     </span>
     <span class='ocr_line' id='line_1_38' title="bbox 344 3310 1411 3377; baseline 0.003 -17"><span class='ocrx_word' id='word_1_209' title='bbox 344 3310 503 3370; x_wconf 75' lang='grc' dir='ltr'>πίσω,</span> <span class='ocrx_word' id='word_1_210' title='bbox 524 3313 573 3360; x_wconf 87' lang='lat' dir='ltr'><strong>id</strong></span> <span class='ocrx_word' id='word_1_211' title='bbox 594 3311 920 3374; x_wconf 50' lang='lat' dir='ltr'><strong>esna-orlani.</strong></span> <span class='ocrx_word' id='word_1_212' title='bbox 960 3312 1179 3377; x_wconf 77' lang='lat' dir='ltr'><strong>Rhodig.</strong></span> <span class='ocrx_word' id='word_1_213' title='bbox 1203 3325 1411 3364; x_wconf 80' lang='lat' dir='ltr'><strong>xxvnr.</strong></span> 
     </span>
     <span class='ocr_line' id='line_1_39' title="bbox 289 3388 580 3438; baseline 0 -1"><span class='ocrx_word' id='word_1_214' title='bbox 289 3415 298 3422; x_wconf 94' lang='lat'><strong>·</strong></span> <span class='ocrx_word' id='word_1_215' title='bbox 345 3392 396 3438; x_wconf 80' lang='lat'><strong>6.</strong></span> <span class='ocrx_word' id='word_1_216' title='bbox 428 3388 580 3438; x_wconf 79' lang='lat' dir='ltr'><strong>Idem.</strong></span> 
     </span>
    </p>

    <p class='ocr_par' dir='ltr' id='par_1_10' title="bbox 335 3463 1411 4128">
     <span class='ocr_line' id='line_1_40' title="bbox 413 3463 1411 3530; baseline -0.001 -16"><span class='ocrx_word' id='word_1_217' title='bbox 413 3465 680 3530; x_wconf 68' lang='lat' dir='ltr'><strong>Portu-sque</strong></span> <span class='ocrx_word' id='word_1_218' title='bbox 721 3463 965 3527; x_wconf 77' lang='lat' dir='ltr'><strong><em>Telamon]</em></strong></span> <span class='ocrx_word' id='word_1_219' title='bbox 999 3464 1286 3513; x_wconf 64' lang='lat' dir='ltr'><strong>Ptolemaeo</strong></span> <span class='ocrx_word' id='word_1_220' title='bbox 1308 3465 1411 3514; x_wconf 80' lang='lat' dir='ltr'><strong>Te-</strong></span> 
     </span>
     <span class='ocr_line' id='line_1_41' title="bbox 335 3539 1408 3606; baseline -0.001 -16"><span class='ocrx_word' id='word_1_221' title='bbox 335 3542 619 3591; x_wconf 83' lang='lat' dir='ltr'><strong>lamonium</strong></span> <span class='ocrx_word' id='word_1_222' title='bbox 656 3541 1085 3606; x_wconf 81' lang='lat' dir='ltr'><strong>promontorium,</strong></span> <span class='ocrx_word' id='word_1_223' title='bbox 1117 3539 1270 3589; x_wconf 87' lang='lat' dir='ltr'><strong>bodie</strong></span> <span class='ocrx_word' id='word_1_224' title='bbox 1307 3541 1408 3590; x_wconf 88' lang='lat' dir='ltr'><strong>Ar-</strong></span> 
     </span>
     <span class='ocr_line' id='line_1_42' title="bbox 340 3617 1407 3682; baseline 0 -14"><span class='ocrx_word' id='word_1_225' title='bbox 340 3620 667 3682; x_wconf 75' lang='lat' dir='ltr'><strong>gentarium:</strong></span> <span class='ocrx_word' id='word_1_226' title='bbox 730 3619 812 3668; x_wconf 84' lang='lat' dir='ltr'><strong>cui</strong></span> <span class='ocrx_word' id='word_1_227' title='bbox 850 3617 1048 3667; x_wconf 79' lang='lat' dir='ltr'><strong>vicinus</strong></span> <span class='ocrx_word' id='word_1_228' title='bbox 1082 3623 1176 3666; x_wconf 85' lang='lat' dir='ltr'><strong>est¹</strong></span> <span class='ocrx_word' id='word_1_229' title='bbox 1198 3618 1407 3681; x_wconf 80' lang='lat' dir='ltr'><strong>Trajani</strong></span> 
     </span>
     <span class='ocr_line' id='line_1_43' title="bbox 343 3694 1405 3758; baseline -0.001 -13"><span class='ocrx_word' id='word_1_230' title='bbox 343 3704 546 3758; x_wconf 84' lang='lat' dir='ltr'><strong>portus,</strong></span> <span class='ocrx_word' id='word_1_231' title='bbox 560 3694 715 3744; x_wconf 82' lang='lat' dir='ltr'><strong>bodie</strong></span> <span class='ocrx_word' id='word_1_232' title='bbox 735 3695 982 3744; x_wconf 80' lang='lat' dir='ltr'><strong>Herculis</strong></span> <span class='ocrx_word' id='word_1_233' title='bbox 1001 3710 1019 3743; x_wconf 73' lang='lat' dir='ltr'><em>z</em></span> <span class='ocrx_word' id='word_1_234' title='bbox 1042 3695 1211 3743; x_wconf 85' lang='lat' dir='ltr'><strong>eidem</strong></span> <span class='ocrx_word' id='word_1_235' title='bbox 1231 3696 1405 3757; x_wconf 85' lang='lat' dir='ltr'><strong>Popu-</strong></span> 
     </span>
     <span class='ocr_line' id='line_1_44' title="bbox 348 3769 1404 3833; baseline -0.001 -12"><span class='ocrx_word' id='word_1_236' title='bbox 348 3772 545 3821; x_wconf 75' lang='lat' dir='ltr'><strong>lonium</strong></span> <span class='ocrx_word' id='word_1_237' title='bbox 584 3771 1015 3833; x_wconf 73' lang='lat' dir='ltr'><strong>promontorium,</strong></span> <span class='ocrx_word' id='word_1_238' title='bbox 1048 3769 1201 3819; x_wconf 85' lang='lat' dir='ltr'><strong>bodie</strong></span> <span class='ocrx_word' id='word_1_239' title='bbox 1243 3770 1404 3826; x_wconf 82' lang='lat' dir='ltr'><strong>Troia,</strong></span> 
     </span>
     <span class='ocr_line' id='line_1_45' title="bbox 339 3846 1403 3910; baseline -0.002 -13"><span class='ocrx_word' id='word_1_240' title='bbox 339 3848 425 3897; x_wconf 83' lang='lat' dir='ltr'><strong>vel</strong></span> <span class='ocrx_word' id='word_1_241' title='bbox 453 3849 583 3910; x_wconf 76' lang='lat' dir='ltr'><strong>Cape</strong></span> <span class='ocrx_word' id='word_1_242' title='bbox 603 3849 655 3896; x_wconf 78' lang='lat' dir='ltr'><strong>di</strong></span> <span class='ocrx_word' id='word_1_243' title='bbox 681 3847 910 3895; x_wconf 65' lang='lat' dir='ltr'><strong>Touana.</strong></span> <span class='ocrx_word' id='word_1_244' title='bbox 976 3846 1169 3894; x_wconf 87' lang='lat' dir='ltr'><strong>Portus</strong></span> <span class='ocrx_word' id='word_1_245' title='bbox 1199 3846 1403 3895; x_wconf 83' lang='lat' dir='ltr'><strong>Heren-</strong></span> 
     </span>
     <span class='ocr_line' id='line_1_46' title="bbox 340 3921 1402 3984; baseline -0.003 -10"><span class='ocrx_word' id='word_1_246' title='bbox 340 3926 403 3976; x_wconf 87' lang='lat' dir='ltr'><strong>lis</strong></span> <span class='ocrx_word' id='word_1_247' title='bbox 437 3924 671 3973; x_wconf 75' lang='lat' dir='ltr'><strong>meminit</strong></span> <span class='ocrx_word' id='word_1_248' title='bbox 704 3923 912 3981; x_wconf 84' lang='lat' dir='ltr'><strong>Strabo,</strong></span> <span class='ocrx_word' id='word_1_249' title='bbox 949 3921 1047 3970; x_wconf 85' lang='lat' dir='ltr'><strong>sub</strong></span> <span class='ocrx_word' id='word_1_250' title='bbox 1085 3922 1284 3984; x_wconf 78' lang='lat' dir='ltr'><strong>ingenti</strong></span> <span class='ocrx_word' id='word_1_251' title='bbox 1322 3929 1402 3971; x_wconf 84' lang='lat' dir='ltr'><strong>tn·</strong></span> 
     </span>
     <span class='ocr_line' id='line_1_47' title="bbox 347 3999 1401 4064; baseline -0.003 -13"><span class='ocrx_word' id='word_1_252' title='bbox 347 4002 500 4051; x_wconf 85' lang='lat' dir='ltr'><strong>mulo·</strong></span> <span class='ocrx_word' id='word_1_253' title='bbox 531 4001 639 4057; x_wconf 85' lang='lat' dir='ltr'><strong>siti,</strong></span> <span class='ocrx_word' id='word_1_254' title='bbox 673 4001 829 4064; x_wconf 79' lang='lat' dir='ltr'><strong>juxta</strong></span> <span class='ocrx_word' id='word_1_255' title='bbox 875 3999 1090 4049; x_wconf 82' lang='lat' dir='ltr'><strong>cossam</strong></span> <span class='ocrx_word' id='word_1_256' title='bbox 1134 3999 1401 4063; x_wconf 76' lang='lat' dir='ltr'><strong>oppidum.</strong></span> 
     </span>
     <span class='ocr_line' id='line_1_48' title="bbox 341 4078 572 4128; baseline 0.009 -2"><span class='ocrx_word' id='word_1_257' title='bbox 341 4078 493 4128; x_wconf 81' lang='lat' dir='ltr'><strong>Idem.</strong></span> <span class='ocrx_word' id='word_1_258' title='bbox 565 4085 572 4090; x_wconf 82' lang='lat'><strong>&#39;</strong></span> 
     </span>
    </p>

    <p class='ocr_par' dir='ltr' id='par_1_11' title="bbox 341 4152 1401 4294">
     <span class='ocr_line' id='line_1_49' title="bbox 409 4152 1400 4218; baseline -0.002 -15"><span class='ocrx_word' id='word_1_259' title='bbox 409 4156 550 4203; x_wconf 80' lang='lat' dir='ltr'><strong>Coere</strong></span> <span class='ocrx_word' id='word_1_260' title='bbox 569 4155 699 4203; x_wconf 77' lang='lat' dir='ltr'><strong>intus</strong></span> <span class='ocrx_word' id='word_1_261' title='bbox 725 4155 799 4205; x_wconf 88' lang='grc' dir='ltr'><strong>Μ.</strong></span> <span class='ocrx_word' id='word_1_262' title='bbox 818 4168 939 4216; x_wconf 76' lang='lat' dir='ltr'><strong>pass.</strong></span> <span class='ocrx_word' id='word_1_263' title='bbox 958 4157 1174 4215; x_wconf 70' lang='lat' dir='ltr'><strong>quatuor,</strong></span> <span class='ocrx_word' id='word_1_264' title='bbox 1193 4152 1400 4218; x_wconf 68' lang='lat' dir='ltr'><strong>Agylla]</strong></span> 
     </span>
     <span class='ocr_line' id='line_1_50' title="bbox 341 4228 1401 4294; baseline -0.002 -16"><span class='ocrx_word' id='word_1_265' title='bbox 341 4230 492 4278; x_wconf 79' lang='lat' dir='ltr'><strong>Caere</strong></span> <span class='ocrx_word' id='word_1_266' title='bbox 515 4245 543 4277; x_wconf 83' lang='lat' dir='ltr'><strong>a</strong></span> <span class='ocrx_word' id='word_1_267' title='bbox 568 4245 669 4294; x_wconf 87' lang='lat' dir='ltr'><strong>quo</strong></span> <span class='ocrx_word' id='word_1_268' title='bbox 702 4230 768 4277; x_wconf 88' lang='lat' dir='ltr'><strong>de</strong></span> <span class='ocrx_word' id='word_1_269' title='bbox 792 4228 1112 4292; x_wconf 81' lang='lat' dir='ltr'><strong>quorundam</strong></span> <span class='ocrx_word' id='word_1_270' title='bbox 1142 4230 1401 4277; x_wconf 86' lang='lat' dir='ltr'><strong>sententia</strong></span> 
     </span>
    </p>
   </div>
   <div class='ocr_carea' id='block_1_6' title="bbox 335 4301 1830 4370">
    <p class='ocr_par' dir='ltr' id='par_1_12' title="bbox 335 4301 1830 4370">
     <span class='ocr_line' id='line_1_51' title="bbox 335 4301 1830 4370; baseline -0.003 -14"><span class='ocrx_word' id='word_1_271' title='bbox 335 4306 498 4357; x_wconf 62' lang='lat' dir='ltr'><strong>dictat</strong></span> <span class='ocrx_word' id='word_1_272' title='bbox 524 4313 539 4335; x_wconf 86' lang='lat'>‘</span> <span class='ocrx_word' id='word_1_273' title='bbox 559 4303 924 4370; x_wconf 79' lang='lat' dir='ltr'><strong>Gaeriruoniae,’</strong></span> <span class='ocrx_word' id='word_1_274' title='bbox 944 4305 1097 4355; x_wconf 84' lang='lat' dir='ltr'><strong>bodie</strong></span> <span class='ocrx_word' id='word_1_275' title='bbox 1124 4307 1399 4356; x_wconf 80' lang='lat' dir='ltr'><strong>Cervetere:</strong></span> <span class='ocrx_word' id='word_1_276' title='bbox 1471 4304 1605 4355; x_wconf 74' lang='lat' dir='ltr'><strong>libat</strong></span> <span class='ocrx_word' id='word_1_277' title='bbox 1655 4301 1830 4355; x_wconf 83' lang='lat' dir='ltr'><strong>mare.&#39;</strong></span> 
     </span>
    </p>
   </div>
   <div class='ocr_carea' id='block_1_7' title="bbox 2407 416 2581 485">
    <p class='ocr_par' dir='ltr' id='par_1_13' title="bbox 2407 416 2581 485">
     <span class='ocr_line' id='line_1_52' title="bbox 2407 416 2581 485; baseline 0 0"><span class='ocrx_word' id='word_1_278' title='bbox 2407 416 2581 485; x_wconf 80' lang='lat'>5003</span> 
     </span>
    </p>
   </div>
   <div class='ocr_carea' id='block_1_8' title="bbox 1475 571 2580 4362">
    <p class='ocr_par' dir='ltr' id='par_1_14' title="bbox 1501 571 2580 1548">
     <span class='ocr_line' id='line_1_53' title="bbox 1513 571 2580 637; baseline 0.007 -20"><span class='ocrx_word' id='word_1_279' title='bbox 1513 583 1680 633; x_wconf 87' lang='lat' dir='ltr'><strong>prope</strong></span> <span class='ocrx_word' id='word_1_280' title='bbox 1707 571 1759 619; x_wconf 79' lang='lat' dir='ltr'><strong>i‘d</strong></span> <span class='ocrx_word' id='word_1_281' title='bbox 1787 572 1851 622; x_wconf 85' lang='lat' dir='ltr'><strong>ad</strong></span> <span class='ocrx_word' id='word_1_282' title='bbox 1872 577 1920 623; x_wconf 81' lang='grc'><strong>4.</strong></span> <span class='ocrx_word' id='word_1_283' title='bbox 1938 574 2066 623; x_wconf 88' lang='lat' dir='ltr'><strong>mill.</strong></span> <span class='ocrx_word' id='word_1_284' title='bbox 2090 587 2331 637; x_wconf 75' lang='lat' dir='ltr'><strong>passuum</strong></span> <span class='ocrx_word' id='word_1_285' title='bbox 2357 577 2408 624; x_wconf 85' lang='lat' dir='ltr'><strong>in</strong></span> <span class='ocrx_word' id='word_1_286' title='bbox 2430 589 2580 625; x_wconf 79' lang='lat' dir='ltr'><strong>saxo·</strong></span> 
     </span>
     <span class='ocr_line' id='line_1_54' title="bbox 1510 648 2578 717; baseline 0.007 -25"><span class='ocrx_word' id='word_1_287' title='bbox 1510 660 1568 694; x_wconf 86' lang='lat' dir='ltr'><strong>so</strong></span> <span class='ocrx_word' id='word_1_288' title='bbox 1622 648 1818 697; x_wconf 86' lang='lat' dir='ltr'><strong>tumulo</strong></span> <span class='ocrx_word' id='word_1_289' title='bbox 1870 657 2081 700; x_wconf 86' lang='lat' dir='ltr'><strong>manent</strong></span> <span class='ocrx_word' id='word_1_290' title='bbox 2135 652 2296 701; x_wconf 77' lang='lat' dir='ltr'><strong>ruinoe</strong></span> <span class='ocrx_word' id='word_1_291' title='bbox 2357 652 2578 717; x_wconf 78' lang='lat' dir='ltr'><strong>Agynae.</strong></span> 
     </span>
     <span class='ocr_line' id='line_1_55' title="bbox 1504 720 2575 792; baseline 0.007 -22"><span class='ocrx_word' id='word_1_292' title='bbox 1504 720 1692 772; x_wconf 86' lang='lat' dir='ltr'><strong>Strabo</strong></span> <span class='ocrx_word' id='word_1_293' title='bbox 1725 724 1967 787; x_wconf 87' lang='lat' dir='ltr'><strong>imperite</strong></span> <span class='ocrx_word' id='word_1_294' title='bbox 2003 740 2118 775; x_wconf 88' lang='lat' dir='ltr'><strong>cum</strong></span> <span class='ocrx_word' id='word_1_295' title='bbox 2158 727 2306 776; x_wconf 82' lang='lat' dir='ltr'><strong>Caere</strong></span> <span class='ocrx_word' id='word_1_296' title='bbox 2335 727 2575 792; x_wconf 66' lang='lat' dir='ltr'><strong>Agyllam</strong></span> 
     </span>
     <span class='ocr_line' id='line_1_56' title="bbox 1507 797 2576 862; baseline 0.006 -15"><span class='ocrx_word' id='word_1_297' title='bbox 1507 797 1816 850; x_wconf 82' lang='lat' dir='ltr'><strong>confundit:</strong></span> <span class='ocrx_word' id='word_1_298' title='bbox 1853 800 1989 862; x_wconf 85' lang='lat' dir='ltr'><strong>quod</strong></span> <span class='ocrx_word' id='word_1_299' title='bbox 2016 802 2223 851; x_wconf 85' lang='lat' dir='ltr'><strong>errandi</strong></span> <span class='ocrx_word' id='word_1_300' title='bbox 2266 818 2471 852; x_wconf 82' lang='lat' dir='ltr'><strong>causam</strong></span> <span class='ocrx_word' id='word_1_301' title='bbox 2499 809 2576 853; x_wconf 82' lang='lat' dir='ltr'><strong>at·</strong></span> 
     </span>
     <span class='ocr_line' id='line_1_57' title="bbox 1507 874 2573 942; baseline 0.007 -21"><span class='ocrx_word' id='word_1_302' title='bbox 1507 875 1625 925; x_wconf 85' lang='lat' dir='ltr'><strong>tulit</strong></span> <span class='ocrx_word' id='word_1_303' title='bbox 1661 874 1959 925; x_wconf 73' lang='lat' dir='ltr'><strong>Hermolao.</strong></span> <span class='ocrx_word' id='word_1_304' title='bbox 2028 877 2318 928; x_wconf 79' lang='lat' dir='ltr'><strong>Ptolemaeo</strong></span> <span class='ocrx_word' id='word_1_305' title='bbox 2353 879 2573 942; x_wconf 74' lang='lat' dir='ltr'><strong>Alsium,</strong></span> 
     </span>
     <span class='ocr_line' id='line_1_58' title="bbox 1507 950 2569 1020; baseline 0.006 -22"><span class='ocrx_word' id='word_1_306' title='bbox 1507 951 1641 1013; x_wconf 85' lang='lat' dir='ltr'><strong>quod</strong></span> <span class='ocrx_word' id='word_1_307' title='bbox 1681 950 1924 1015; x_wconf 79' lang='lat' dir='ltr'><strong>Agyllam</strong></span> <span class='ocrx_word' id='word_1_308' title='bbox 1966 954 2174 1018; x_wconf 84' lang='lat' dir='ltr'><strong>quidam</strong></span> <span class='ocrx_word' id='word_1_309' title='bbox 2209 969 2323 1004; x_wconf 80' lang='lat' dir='ltr'><strong>esse</strong></span> <span class='ocrx_word' id='word_1_310' title='bbox 2368 957 2569 1020; x_wconf 77' lang='lat' dir='ltr'><strong>volunt,</strong></span> 
     </span>
     <span class='ocr_line' id='line_1_59' title="bbox 1507 1027 2568 1089; baseline 0.008 -14"><span class='ocrx_word' id='word_1_311' title='bbox 1507 1027 1693 1089; x_wconf 75' lang='lat' dir='ltr'><strong>Pyrgis</strong></span> <span class='ocrx_word' id='word_1_312' title='bbox 1730 1027 1953 1078; x_wconf 82' lang='lat' dir='ltr'><strong>vicinum</strong></span> <span class='ocrx_word' id='word_1_313' title='bbox 1993 1037 2049 1079; x_wconf 82' lang='lat' dir='ltr'><strong>et</strong></span> <span class='ocrx_word' id='word_1_314' title='bbox 2093 1031 2403 1080; x_wconf 82' lang='lat' dir='ltr'><strong>maritimum</strong></span> <span class='ocrx_word' id='word_1_315' title='bbox 2450 1042 2568 1085; x_wconf 83' lang='lat' dir='ltr'><strong>est:</strong></span> 
     </span>
     <span class='ocr_line' id='line_1_60' title="bbox 1507 1102 2570 1171; baseline 0.012 -21"><span class='ocrx_word' id='word_1_316' title='bbox 1507 1102 1657 1151; x_wconf 82' lang='lat' dir='ltr'><strong>Caere</strong></span> <span class='ocrx_word' id='word_1_317' title='bbox 1670 1104 2103 1156; x_wconf 84' lang='lat' dir='ltr'><strong>mediterraneum</strong></span> <span class='ocrx_word' id='word_1_318' title='bbox 2117 1121 2279 1171; x_wconf 83' lang='lat' dir='ltr'><strong>prope</strong></span> <span class='ocrx_word' id='word_1_319' title='bbox 2294 1109 2570 1163; x_wconf 84' lang='lat' dir='ltr'><strong>Faleriam.</strong></span> 
     </span>
     <span class='ocr_line' id='line_1_61' title="bbox 1509 1181 2567 1245; baseline 0.008 -18"><span class='ocrx_word' id='word_1_320' title='bbox 1509 1181 1660 1228; x_wconf 79' lang='lat' dir='ltr'><strong>Gerus</strong></span> <span class='ocrx_word' id='word_1_321' title='bbox 1683 1182 1846 1230; x_wconf 86' lang='lat' dir='ltr'><strong>veteri</strong></span> <span class='ocrx_word' id='word_1_322' title='bbox 1885 1182 2060 1245; x_wconf 77' lang='lat' dir='ltr'><strong>lingua</strong></span> <span class='ocrx_word' id='word_1_323' title='bbox 2090 1190 2320 1232; x_wconf 80' lang='lat' dir='ltr'><strong>sanctus.</strong></span> <span class='ocrx_word' id='word_1_324' title='bbox 2387 1184 2450 1233; x_wconf 87' lang='lat' dir='ltr'><strong>In</strong></span> <span class='ocrx_word' id='word_1_325' title='bbox 2473 1186 2567 1234; x_wconf 88' lang='lat' dir='ltr'><strong>Sa·</strong></span> 
     </span>
     <span class='ocr_line' id='line_1_62' title="bbox 1504 1254 2566 1322; baseline 0.007 -20"><span class='ocrx_word' id='word_1_326' title='bbox 1504 1254 1618 1303; x_wconf 80' lang='lat' dir='ltr'><strong>liari</strong></span> <span class='ocrx_word' id='word_1_327' title='bbox 1643 1257 1892 1321; x_wconf 83' lang='lat' dir='ltr'><strong>carmine,</strong></span> <span class='ocrx_word' id='word_1_328' title='bbox 1915 1258 2066 1306; x_wconf 83' lang='lat' dir='ltr'><strong>Gerus</strong></span> <span class='ocrx_word' id='word_1_329' title='bbox 2081 1272 2265 1319; x_wconf 79' lang='lat' dir='ltr'><strong>manus,</strong></span> <span class='ocrx_word' id='word_1_330' title='bbox 2285 1260 2566 1322; x_wconf 77' lang='lat' dir='ltr'><strong>mysticum</strong></span> 
     </span>
     <span class='ocr_line' id='line_1_63' title="bbox 1503 1333 2561 1399; baseline 0.007 -20"><span class='ocrx_word' id='word_1_331' title='bbox 1503 1347 1692 1381; x_wconf 86' lang='lat' dir='ltr'><strong>nomen</strong></span> <span class='ocrx_word' id='word_1_332' title='bbox 1716 1333 1860 1397; x_wconf 78' lang='lat' dir='ltr'><strong>Jani,</strong></span> <span class='ocrx_word' id='word_1_333' title='bbox 1893 1335 2125 1399; x_wconf 73' lang='lat' dir='ltr'><strong>qiramvis</strong></span> <span class='ocrx_word' id='word_1_334' title='bbox 2160 1335 2364 1399; x_wconf 84' lang='lat' dir='ltr'><strong>quidam</strong></span> <span class='ocrx_word' id='word_1_335' title='bbox 2400 1350 2561 1399; x_wconf 83' lang='lat' dir='ltr'><strong>expo·</strong></span> 
     </span>
     <span class='ocr_line' id='line_1_64' title="bbox 1501 1410 2567 1461; baseline 0.004 -4"><span class='ocrx_word' id='word_1_336' title='bbox 1501 1410 1702 1458; x_wconf 79' lang='lat' dir='ltr'><strong>suerint</strong></span> <span class='ocrx_word' id='word_1_337' title='bbox 1724 1411 2027 1459; x_wconf 74' lang='lat' dir='ltr'><strong>Creatorem</strong></span> <span class='ocrx_word' id='word_1_338' title='bbox 2054 1410 2264 1461; x_wconf 87' lang='lat' dir='ltr'><strong>bonum.</strong></span> <span class='ocrx_word' id='word_1_339' title='bbox 2295 1412 2378 1460; x_wconf 81' lang='lat' dir='ltr'><strong>Ita</strong></span> <span class='ocrx_word' id='word_1_340' title='bbox 2401 1412 2567 1461; x_wconf 83' lang='lat' dir='ltr'><strong>Scali-</strong></span> 
     </span>
     <span class='ocr_line' id='line_1_65' title="bbox 1504 1484 2118 1548; baseline 0.003 -14"><span class='ocrx_word' id='word_1_341' title='bbox 1504 1499 1597 1548; x_wconf 82' lang='lat' dir='ltr'><strong>ger</strong></span> <span class='ocrx_word' id='word_1_342' title='bbox 1621 1484 1672 1534; x_wconf 90' lang='lat' dir='ltr'><strong>iu</strong></span> <span class='ocrx_word' id='word_1_343' title='bbox 1699 1486 1930 1535; x_wconf 82' lang='lat' dir='ltr'><strong>Festum.</strong></span> <span class='ocrx_word' id='word_1_344' title='bbox 1967 1487 2118 1536; x_wconf 84' lang='lat' dir='ltr'><strong>Idem.</strong></span> 
     </span>
    </p>

    <p class='ocr_par' dir='ltr' id='par_1_15' title="bbox 1497 1560 2566 2066">
     <span class='ocr_line' id='line_1_66' title="bbox 1569 1560 2566 1627; baseline 0.007 -19"><span class='ocrx_word' id='word_1_345' title='bbox 1569 1560 1867 1621; x_wconf 63' lang='lat' dir='ltr'><strong>Prazt‘ecturn</strong></span> <span class='ocrx_word' id='word_1_346' title='bbox 1896 1563 2100 1611; x_wconf 72' lang='lat' dir='ltr'><strong>Claudia</strong></span> <span class='ocrx_word' id='word_1_347' title='bbox 2137 1563 2430 1627; x_wconf 66' lang='lat' dir='ltr'><strong>Fores-lodii]</strong></span> <span class='ocrx_word' id='word_1_348' title='bbox 2466 1565 2566 1615; x_wconf 91' lang='lat' dir='ltr'><strong>Fo-</strong></span> 
     </span>
     <span class='ocr_line' id='line_1_67' title="bbox 1498 1636 2563 1700; baseline 0.005 -15"><span class='ocrx_word' id='word_1_349' title='bbox 1498 1637 1739 1700; x_wconf 79' lang='lat' dir='ltr'><strong>melodii,</strong></span> <span class='ocrx_word' id='word_1_350' title='bbox 1775 1636 1939 1686; x_wconf 87' lang='lat' dir='ltr'><strong>forum</strong></span> <span class='ocrx_word' id='word_1_351' title='bbox 1984 1638 2186 1688; x_wconf 87' lang='lat' dir='ltr'><strong>Claudii</strong></span> <span class='ocrx_word' id='word_1_352' title='bbox 2236 1640 2316 1687; x_wconf 82' lang='lat' dir='ltr'><strong>vel</strong></span> <span class='ocrx_word' id='word_1_353' title='bbox 2365 1642 2563 1694; x_wconf 73' lang='lat' dir='ltr'><strong>Cassiiz</strong></span> 
     </span>
     <span class='ocr_line' id='line_1_68' title="bbox 1498 1712 2564 1776; baseline 0.004 -16"><span class='ocrx_word' id='word_1_354' title='bbox 1498 1712 1746 1776; x_wconf 85' lang='lat' dir='ltr'><strong>oppidum</strong></span> <span class='ocrx_word' id='word_1_355' title='bbox 1780 1713 1960 1762; x_wconf 86' lang='lat' dir='ltr'><strong>Sutrio</strong></span> <span class='ocrx_word' id='word_1_356' title='bbox 1985 1714 2231 1770; x_wconf 84' lang='lat' dir='ltr'><strong>vicinum.</strong></span> <span class='ocrx_word' id='word_1_357' title='bbox 2254 1715 2304 1762; x_wconf 89' lang='lat' dir='ltr'><strong>in</strong></span> <span class='ocrx_word' id='word_1_358' title='bbox 2330 1716 2413 1764; x_wconf 79' lang='lat' dir='ltr'><strong>via</strong></span> <span class='ocrx_word' id='word_1_359' title='bbox 2437 1719 2564 1766; x_wconf 87' lang='lat' dir='ltr'><strong>Cas-</strong></span> 
     </span>
     <span class='ocr_line' id='line_1_69' title="bbox 1497 1788 2563 1854; baseline 0.008 -19"><span class='ocrx_word' id='word_1_360' title='bbox 1497 1788 1594 1848; x_wconf 85' lang='lat' dir='ltr'><strong>sia,</strong></span> <span class='ocrx_word' id='word_1_361' title='bbox 1620 1789 1861 1837; x_wconf 79' lang='lat' dir='ltr'><strong>euntibus</strong></span> <span class='ocrx_word' id='word_1_362' title='bbox 1881 1790 2119 1839; x_wconf 78' lang='lat' dir='ltr'><strong>viterbio</strong></span> <span class='ocrx_word' id='word_1_363' title='bbox 2148 1790 2384 1854; x_wconf 80' lang='lat' dir='ltr'><strong>Romam,</strong></span> <span class='ocrx_word' id='word_1_364' title='bbox 2408 1793 2563 1843; x_wconf 84' lang='lat' dir='ltr'><strong>hodie</strong></span> 
     </span>
     <span class='ocr_line' id='line_1_70' title="bbox 1504 1864 2559 1929; baseline 0.006 -17"><span class='ocrx_word' id='word_1_365' title='bbox 1504 1864 1735 1913; x_wconf 67' lang='lat' dir='ltr'><strong>Veli-alla.</strong></span> <span class='ocrx_word' id='word_1_366' title='bbox 1819 1865 1959 1914; x_wconf 83' lang='lat' dir='ltr'><strong>Huic</strong></span> <span class='ocrx_word' id='word_1_367' title='bbox 2013 1867 2207 1929; x_wconf 84' lang='lat' dir='ltr'><strong>oppido</strong></span> <span class='ocrx_word' id='word_1_368' title='bbox 2262 1870 2559 1929; x_wconf 78' lang='lat' dir='ltr'><strong>contiguum</strong></span> 
     </span>
     <span class='ocr_line' id='line_1_71' title="bbox 1499 1939 2563 2005; baseline 0.005 -16"><span class='ocrx_word' id='word_1_369' title='bbox 1499 1941 1647 1989; x_wconf 78' lang='lat' dir='ltr'><strong>Divae</strong></span> <span class='ocrx_word' id='word_1_370' title='bbox 1674 1939 1859 1990; x_wconf 66' lang='lat' dir='ltr'><strong>Maria·</strong></span> <span class='ocrx_word' id='word_1_371' title='bbox 1896 1943 2148 2005; x_wconf 89' lang='lat' dir='ltr'><strong>templum</strong></span> <span class='ocrx_word' id='word_1_372' title='bbox 2183 1943 2235 1991; x_wconf 88' lang='lat' dir='ltr'><strong>in</strong></span> <span class='ocrx_word' id='word_1_373' title='bbox 2263 1941 2374 1993; x_wconf 86' lang='lat' dir='ltr'><strong>foro</strong></span> <span class='ocrx_word' id='word_1_374' title='bbox 2397 1945 2563 1994; x_wconf 83' lang='lat' dir='ltr'><strong>Cassii</strong></span> 
     </span>
     <span class='ocr_line' id='line_1_72' title="bbox 1499 2017 1932 2066; baseline 0.005 -3"><span class='ocrx_word' id='word_1_375' title='bbox 1499 2025 1732 2065; x_wconf 82' lang='lat' dir='ltr'><strong>vocatur.</strong></span> <span class='ocrx_word' id='word_1_376' title='bbox 1762 2017 1932 2066; x_wconf 72' lang='lat' dir='ltr'><strong>Doleo.</strong></span> 
     </span>
    </p>

    <p class='ocr_par' dir='ltr' id='par_1_16' title="bbox 1493 2089 2563 2384">
     <span class='ocr_line' id='line_1_73' title="bbox 1560 2089 2561 2155; baseline 0.005 -16"><span class='ocrx_word' id='word_1_377' title='bbox 1560 2089 1850 2153; x_wconf 70' lang='lat' dir='ltr'><strong>Pistorium]</strong></span> <span class='ocrx_word' id='word_1_378' title='bbox 1907 2091 2039 2140; x_wconf 86' lang='lat' dir='ltr'><strong>lude</strong></span> <span class='ocrx_word' id='word_1_379' title='bbox 2076 2091 2232 2155; x_wconf 82' lang='lat' dir='ltr'><strong>jocus</strong></span> <span class='ocrx_word' id='word_1_380' title='bbox 2275 2100 2332 2142; x_wconf 84' lang='lat' dir='ltr'><strong>et</strong></span> <span class='ocrx_word' id='word_1_381' title='bbox 2377 2094 2561 2144; x_wconf 85' lang='lat' dir='ltr'><strong>allusio</strong></span> 
     </span>
     <span class='ocr_line' id='line_1_74' title="bbox 1494 2165 2563 2231; baseline 0.005 -16"><span class='ocrx_word' id='word_1_382' title='bbox 1494 2166 1670 2217; x_wconf 82' lang='lat' dir='ltr'><strong>Plauti</strong></span> <span class='ocrx_word' id='word_1_383' title='bbox 1690 2168 1740 2217; x_wconf 91' lang='lat' dir='ltr'><strong>in</strong></span> <span class='ocrx_word' id='word_1_384' title='bbox 1761 2168 2030 2231; x_wconf 81' lang='lat' dir='ltr'><strong>Captivis:</strong></span> <span class='ocrx_word' id='word_1_385' title='bbox 2064 2171 2079 2195; x_wconf 79' lang='lat'>⁶</span> <span class='ocrx_word' id='word_1_386' title='bbox 2097 2169 2283 2218; x_wconf 74' lang='lat' dir='ltr'><strong>Multis</strong></span> <span class='ocrx_word' id='word_1_387' title='bbox 2307 2178 2361 2219; x_wconf 83' lang='lat' dir='ltr'><strong>et</strong></span> <span class='ocrx_word' id='word_1_388' title='bbox 2387 2165 2563 2221; x_wconf 87' lang='lat' dir='ltr'><strong>multi-</strong></span> 
     </span>
     <span class='ocr_line' id='line_1_75' title="bbox 1494 2244 2560 2308; baseline 0.004 -17"><span class='ocrx_word' id='word_1_389' title='bbox 1494 2245 1771 2307; x_wconf 83' lang='lat' dir='ltr'><strong>generibus</strong></span> <span class='ocrx_word' id='word_1_390' title='bbox 1795 2257 1925 2307; x_wconf 87' lang='lat' dir='ltr'><strong>opus</strong></span> <span class='ocrx_word' id='word_1_391' title='bbox 1944 2251 2024 2293; x_wconf 89' lang='lat' dir='ltr'><strong>est</strong></span> <span class='ocrx_word' id='word_1_392' title='bbox 2047 2244 2116 2293; x_wconf 91' lang='lat' dir='ltr'><strong>ibi</strong></span> <span class='ocrx_word' id='word_1_393' title='bbox 2138 2244 2426 2295; x_wconf 75' lang='lat' dir='ltr'><strong>Militibus:</strong></span> <span class='ocrx_word' id='word_1_394' title='bbox 2457 2246 2560 2308; x_wconf 86' lang='lat' dir='ltr'><strong>pri-</strong></span> 
     </span>
     <span class='ocr_line' id='line_1_76' title="bbox 1493 2318 2559 2384; baseline 0.002 -17"><span class='ocrx_word' id='word_1_395' title='bbox 1493 2333 1579 2367; x_wconf 91' lang='lat' dir='ltr'><strong>mo</strong></span> <span class='ocrx_word' id='word_1_396' title='bbox 1636 2318 1756 2369; x_wconf 86' lang='lat' dir='ltr'><strong>dum</strong></span> <span class='ocrx_word' id='word_1_397' title='bbox 1803 2331 1933 2384; x_wconf 85' lang='lat' dir='ltr'><strong>opus</strong></span> <span class='ocrx_word' id='word_1_398' title='bbox 1978 2328 2063 2368; x_wconf 82' lang='lat' dir='ltr'><strong>est</strong></span> <span class='ocrx_word' id='word_1_399' title='bbox 2117 2320 2559 2372; x_wconf 81' lang='lat' dir='ltr'><strong>Pistoriensibns.&#39;</strong></span> 
     </span>
    </p>

    <p class='ocr_par' dir='ltr' id='par_1_17' title="bbox 1493 2472 2558 2690">
     <span class='ocr_line' id='line_1_77' title="bbox 1560 2472 2556 2538; baseline 0 -15"><span class='ocrx_word' id='word_1_400' title='bbox 1560 2474 1844 2538; x_wconf 67' lang='lat' dir='ltr'><strong>Sancum,</strong></span> <span class='ocrx_word' id='word_1_401' title='bbox 1865 2472 2144 2535; x_wconf 76' lang='lat' dir='ltr'><strong>Saturnini]</strong></span> <span class='ocrx_word' id='word_1_402' title='bbox 2168 2474 2307 2523; x_wconf 88' lang='lat' dir='ltr'><strong>Puto</strong></span> <span class='ocrx_word' id='word_1_403' title='bbox 2328 2473 2556 2523; x_wconf 83' lang='lat' dir='ltr'><strong>scriben-</strong></span> 
     </span>
     <span class='ocr_line' id='line_1_78' title="bbox 1495 2548 2558 2611; baseline 0.004 -14"><span class='ocrx_word' id='word_1_404' title='bbox 1495 2549 1636 2606; x_wconf 84' lang='lat' dir='ltr'><strong>dum,</strong></span> <span class='ocrx_word' id='word_1_405' title='bbox 1663 2550 1884 2606; x_wconf 72' lang='lat' dir='ltr'><strong>Sirenses,</strong></span> <span class='ocrx_word' id='word_1_406' title='bbox 1912 2548 2213 2611; x_wconf 65' lang='lat' dir='ltr'><strong>Saturnini,</strong></span> <span class='ocrx_word' id='word_1_407' title='bbox 2235 2566 2266 2598; x_wconf 85' lang='lat' dir='ltr'><strong>a</strong></span> <span class='ocrx_word' id='word_1_408' title='bbox 2297 2552 2466 2600; x_wconf 73' lang='lat' dir='ltr'><strong>Sirena</strong></span> <span class='ocrx_word' id='word_1_409' title='bbox 2498 2558 2558 2601; x_wconf 80' lang='lat' dir='ltr'><strong>et</strong></span> 
     </span>
     <span class='ocr_line' id='line_1_79' title="bbox 1493 2628 2511 2690; baseline 0.003 -14"><span class='ocrx_word' id='word_1_410' title='bbox 1493 2628 1827 2690; x_wconf 71' lang='lat' dir='ltr'><strong>Satur-niune,</strong></span> <span class='ocrx_word' id='word_1_411' title='bbox 1846 2642 1916 2676; x_wconf 73' lang='lat' dir='ltr'><strong>‘ex</strong></span> <span class='ocrx_word' id='word_1_412' title='bbox 1944 2628 2249 2683; x_wconf 75' lang='lat' dir='ltr'><strong>Ptolemaeo.</strong></span> <span class='ocrx_word' id='word_1_413' title='bbox 2286 2630 2511 2679; x_wconf 76' lang='lat' dir='ltr'><strong>Pintiau.</strong></span> 
     </span>
    </p>

    <p class='ocr_par' dir='ltr' id='par_1_18' title="bbox 1482 2704 2557 3364">
     <span class='ocr_line' id='line_1_80' title="bbox 1587 2704 2552 2767; baseline 0.003 -14"><span class='ocrx_word' id='word_1_414' title='bbox 1587 2704 1912 2767; x_wconf 77' lang='lat' dir='ltr'><strong>Volaterrani]</strong></span> <span class='ocrx_word' id='word_1_415' title='bbox 1978 2705 2170 2755; x_wconf 88' lang='lat' dir='ltr'><strong>Strabo</strong></span> <span class='ocrx_word' id='word_1_416' title='bbox 2225 2706 2552 2756; x_wconf 74' lang='lat' dir='ltr'><strong>Volaterrani</strong></span> 
     </span>
     <span class='ocr_line' id='line_1_81' title="bbox 1488 2778 2557 2846; baseline 0.003 -18"><span class='ocrx_word' id='word_1_417' title='bbox 1488 2787 1647 2829; x_wconf 82' lang='lat' dir='ltr'><strong>vocat</strong></span> <span class='ocrx_word' id='word_1_418' title='bbox 1672 2778 1899 2843; x_wconf 74' lang='grc' dir='ltr'><strong><em>οἷνορέαν,</em></strong></span> <span class='ocrx_word' id='word_1_419' title='bbox 1932 2787 1990 2829; x_wconf 87' lang='lat' dir='ltr'><strong>ut</strong></span> <span class='ocrx_word' id='word_1_420' title='bbox 2013 2786 2070 2830; x_wconf 91' lang='lat' dir='ltr'><strong>et</strong></span> <span class='ocrx_word' id='word_1_421' title='bbox 2088 2784 2272 2829; x_wconf 78' lang='lat' dir='ltr'><strong>auctor</strong></span> <span class='ocrx_word' id='word_1_422' title='bbox 2296 2782 2413 2831; x_wconf 88' lang='lat' dir='ltr'><strong>libri</strong></span> <span class='ocrx_word' id='word_1_423' title='bbox 2448 2782 2557 2846; x_wconf 73' lang='grc' dir='ltr'><strong>περὶ</strong></span> 
     </span>
     <span class='ocr_line' id='line_1_82' title="bbox 1488 2855 2554 2921; baseline 0.004 -16"><span class='ocrx_word' id='word_1_424' title='bbox 1488 2860 1586 2905; x_wconf 73' lang='grc' dir='ltr'><strong>τῶν</strong></span> <span class='ocrx_word' id='word_1_425' title='bbox 1623 2855 1950 2921; x_wconf 72' lang='grc' dir='ltr'><strong>ἀκουσμάτων,</strong></span> <span class='ocrx_word' id='word_1_426' title='bbox 1982 2857 2068 2921; x_wconf 85' lang='lat' dir='ltr'><strong>qui</strong></span> <span class='ocrx_word' id='word_1_427' title='bbox 2106 2857 2289 2907; x_wconf 83' lang='lat' dir='ltr'><strong>scribit</strong></span> <span class='ocrx_word' id='word_1_428' title='bbox 2312 2858 2554 2909; x_wconf 79' lang='lat' dir='ltr'><strong>Volater-</strong></span> 
     </span>
     <span class='ocr_line' id='line_1_83' title="bbox 1488 2933 2554 2998; baseline -0.004 -16"><span class='ocrx_word' id='word_1_429' title='bbox 1488 2946 1661 2990; x_wconf 84' lang='lat' dir='ltr'><strong>ranos,</strong></span> <span class='ocrx_word' id='word_1_430' title='bbox 1683 2949 1749 2982; x_wconf 86' lang='lat' dir='ltr'><strong>ue</strong></span> <span class='ocrx_word' id='word_1_431' title='bbox 1771 2934 2037 2983; x_wconf 77' lang='lat' dir='ltr'><strong>civitatem</strong></span> <span class='ocrx_word' id='word_1_432' title='bbox 2060 2933 2316 2996; x_wconf 80' lang='lat' dir='ltr'><strong>quispiam</strong></span> <span class='ocrx_word' id='word_1_433' title='bbox 2333 2948 2554 2998; x_wconf 83' lang='lat' dir='ltr'><strong>occupa.</strong></span> 
     </span>
     <span class='ocr_line' id='line_1_84' title="bbox 1487 3009 2550 3072; baseline 0.002 -13"><span class='ocrx_word' id='word_1_434' title='bbox 1487 3017 1590 3071; x_wconf 88' lang='lat' dir='ltr'><strong>ret,</strong></span> <span class='ocrx_word' id='word_1_435' title='bbox 1624 3011 1803 3059; x_wconf 85' lang='lat' dir='ltr'><strong>solitos</strong></span> <span class='ocrx_word' id='word_1_436' title='bbox 1841 3011 2112 3072; x_wconf 88' lang='lat' dir='ltr'><strong>imperium</strong></span> <span class='ocrx_word' id='word_1_437' title='bbox 2159 3024 2219 3058; x_wconf 88' lang='lat' dir='ltr'><strong>ac</strong></span> <span class='ocrx_word' id='word_1_438' title='bbox 2265 3009 2550 3061; x_wconf 86' lang='lat' dir='ltr'><strong>dominium</strong></span> 
     </span>
     <span class='ocr_line' id='line_1_85' title="bbox 1487 3085 2549 3151; baseline 0.004 -17"><span class='ocrx_word' id='word_1_439' title='bbox 1487 3086 1716 3151; x_wconf 86' lang='lat' dir='ltr'><strong>Reipnb.</strong></span> <span class='ocrx_word' id='word_1_440' title='bbox 1763 3087 1866 3135; x_wconf 84' lang='lat' dir='ltr'><strong>suis</strong></span> <span class='ocrx_word' id='word_1_441' title='bbox 1913 3086 2114 3134; x_wconf 83' lang='lat' dir='ltr'><strong>libertis</strong></span> <span class='ocrx_word' id='word_1_442' title='bbox 2160 3085 2302 3142; x_wconf 84' lang='lat' dir='ltr'><strong>dare,</strong></span> <span class='ocrx_word' id='word_1_443' title='bbox 2361 3085 2549 3149; x_wconf 78' lang='lat' dir='ltr'><strong>quibus</strong></span> 
     </span>
     <span class='ocr_line' id='line_1_86' title="bbox 1485 3162 2548 3224; baseline 0.001 -12"><span class='ocrx_word' id='word_1_444' title='bbox 1485 3162 1798 3212; x_wconf 78' lang='lat' dir='ltr'><strong>abeuntibus</strong></span> <span class='ocrx_word' id='word_1_445' title='bbox 1821 3163 2138 3223; x_wconf 70' lang='lat' dir='ltr'><strong>manistram,</strong></span> <span class='ocrx_word' id='word_1_446' title='bbox 2163 3162 2290 3211; x_wconf 85' lang='lat' dir='ltr'><strong>alios</strong></span> <span class='ocrx_word' id='word_1_447' title='bbox 2315 3163 2548 3224; x_wconf 78' lang='lat' dir='ltr'><strong>ejusdem</strong></span> 
     </span>
     <span class='ocr_line' id='line_1_87' title="bbox 1485 3236 2546 3288; baseline 0 0"><span class='ocrx_word' id='word_1_448' title='bbox 1485 3239 1801 3288; x_wconf 84' lang='lat' dir='ltr'><strong>conditionis</strong></span> <span class='ocrx_word' id='word_1_449' title='bbox 1825 3236 2144 3288; x_wconf 86' lang='lat' dir='ltr'><strong>sufficerent.</strong></span> <span class='ocrx_word' id='word_1_450' title='bbox 2177 3238 2376 3287; x_wconf 82' lang='lat' dir='ltr'><strong>Victor.</strong></span> <span class='ocrx_word' id='word_1_451' title='bbox 2399 3252 2546 3288; x_wconf 79' lang='lat' dir='ltr'><strong>xxrr.</strong></span> 
     </span>
     <span class='ocr_line' id='line_1_88' title="bbox 1482 3315 1776 3364; baseline -0.007 0"><span class='ocrx_word' id='word_1_452' title='bbox 1482 3318 1567 3364; x_wconf 76' lang='lat'><strong>23.</strong></span> <span class='ocrx_word' id='word_1_453' title='bbox 1606 3315 1776 3363; x_wconf 72' lang='lat' dir='ltr'><strong>Doleo.</strong></span> 
     </span>
    </p>

    <p class='ocr_par' dir='ltr' id='par_1_19' title="bbox 1475 3387 2573 4362">
     <span class='ocr_line' id='line_1_89' title="bbox 1552 3387 2543 3454; baseline 0 -16"><span class='ocrx_word' id='word_1_454' title='bbox 1552 3391 1702 3440; x_wconf 79' lang='lat' dir='ltr'><strong>Prius</strong></span> <span class='ocrx_word' id='word_1_455' title='bbox 1720 3388 1917 3452; x_wconf 77' lang='lat' dir='ltr'><strong>Albula]</strong></span> <span class='ocrx_word' id='word_1_456' title='bbox 1952 3388 2172 3437; x_wconf 82' lang='lat' dir='ltr'><strong>Invenio</strong></span> <span class='ocrx_word' id='word_1_457' title='bbox 2192 3387 2398 3437; x_wconf 85' lang='lat' dir='ltr'><strong>Serram</strong></span> <span class='ocrx_word' id='word_1_458' title='bbox 2418 3403 2543 3454; x_wconf 88' lang='lat' dir='ltr'><strong>quo-</strong></span> 
     </span>
     <span class='ocr_line' id='line_1_90' title="bbox 1484 3465 2542 3530; baseline 0 -15"><span class='ocrx_word' id='word_1_459' title='bbox 1484 3479 1586 3530; x_wconf 85' lang='lat' dir='ltr'><strong>qne</strong></span> <span class='ocrx_word' id='word_1_460' title='bbox 1613 3479 1674 3515; x_wconf 85' lang='lat' dir='ltr'><strong>ac</strong></span> <span class='ocrx_word' id='word_1_461' title='bbox 1698 3466 1983 3514; x_wconf 88' lang='lat' dir='ltr'><strong>Rumonem</strong></span> <span class='ocrx_word' id='word_1_462' title='bbox 2019 3472 2278 3526; x_wconf 81' lang='lat' dir='ltr'><strong>vocatum,</strong></span> <span class='ocrx_word' id='word_1_463' title='bbox 2300 3465 2542 3528; x_wconf 83' lang='lat' dir='ltr'><strong>qnoniam</strong></span> 
     </span>
     <span class='ocr_line' id='line_1_91' title="bbox 1483 3540 2541 3606; baseline -0.001 -15"><span class='ocrx_word' id='word_1_464' title='bbox 1483 3542 1678 3606; x_wconf 83' lang='lat' dir='ltr'><strong>rapidis</strong></span> <span class='ocrx_word' id='word_1_465' title='bbox 1717 3548 1774 3591; x_wconf 84' lang='lat' dir='ltr'><strong>et</strong></span> <span class='ocrx_word' id='word_1_466' title='bbox 1812 3540 2090 3591; x_wconf 82' lang='lat' dir='ltr'><strong>concitatis</strong></span> <span class='ocrx_word' id='word_1_467' title='bbox 2124 3540 2288 3603; x_wconf 82' lang='lat' dir='ltr'><strong>aquis,</strong></span> <span class='ocrx_word' id='word_1_468' title='bbox 2312 3556 2428 3604; x_wconf 77' lang='lat' dir='ltr'><strong>quae</strong></span> <span class='ocrx_word' id='word_1_469' title='bbox 2466 3543 2541 3590; x_wconf 83' lang='lat' dir='ltr'><strong>al-</strong></span> 
     </span>
     <span class='ocr_line' id='line_1_92' title="bbox 1481 3617 2541 3681; baseline 0 -14"><span class='ocrx_word' id='word_1_470' title='bbox 1481 3619 1598 3681; x_wconf 85' lang='lat' dir='ltr'><strong>luit,</strong></span> <span class='ocrx_word' id='word_1_471' title='bbox 1624 3617 1843 3679; x_wconf 85' lang='lat' dir='ltr'><strong>mordet,</strong></span> <span class='ocrx_word' id='word_1_472' title='bbox 1866 3617 2026 3678; x_wconf 87' lang='lat' dir='ltr'><strong>limat,</strong></span> <span class='ocrx_word' id='word_1_473' title='bbox 2047 3617 2230 3666; x_wconf 83' lang='lat' dir='ltr'><strong>mollit.</strong></span> <span class='ocrx_word' id='word_1_474' title='bbox 2287 3618 2374 3666; x_wconf 84' lang='lat' dir='ltr'><strong>Sic</strong></span> <span class='ocrx_word' id='word_1_475' title='bbox 2397 3625 2541 3667; x_wconf 87' lang='lat' dir='ltr'><strong>vete-</strong></span> 
     </span>
     <span class='ocr_line' id='line_1_93' title="bbox 1482 3692 2535 3758; baseline -0.001 -15"><span class='ocrx_word' id='word_1_476' title='bbox 1482 3709 1566 3744; x_wconf 88' lang='lat' dir='ltr'><strong>res</strong></span> <span class='ocrx_word' id='word_1_477' title='bbox 1589 3694 1787 3758; x_wconf 85' lang='lat' dir='ltr'><strong>loquuti</strong></span> <span class='ocrx_word' id='word_1_478' title='bbox 1811 3701 1950 3742; x_wconf 88' lang='lat' dir='ltr'><strong>suut.</strong></span> <span class='ocrx_word' id='word_1_479' title='bbox 2019 3692 2208 3741; x_wconf 84' lang='lat' dir='ltr'><strong>Horat.</strong></span> <span class='ocrx_word' id='word_1_480' title='bbox 2228 3694 2371 3755; x_wconf 80' lang='lat' dir='ltr'><strong>‘quoe</strong></span> <span class='ocrx_word' id='word_1_481' title='bbox 2399 3693 2535 3742; x_wconf 85' lang='lat' dir='ltr'><strong>Liris</strong></span> 
     </span>
     <span class='ocr_line' id='line_1_94' title="bbox 1480 3768 2532 3834; baseline -0.001 -15"><span class='ocrx_word' id='word_1_482' title='bbox 1480 3770 1656 3834; x_wconf 81' lang='lat' dir='ltr'><strong>quieta</strong></span> <span class='ocrx_word' id='word_1_483' title='bbox 1694 3768 1906 3817; x_wconf 86' lang='lat' dir='ltr'><strong>Mordet</strong></span> <span class='ocrx_word' id='word_1_484' title='bbox 1938 3782 2073 3830; x_wconf 86' lang='lat' dir='ltr'><strong>aqua</strong></span> <span class='ocrx_word' id='word_1_485' title='bbox 2112 3768 2401 3817; x_wconf 81' lang='lat' dir='ltr'><strong>taciturnus</strong></span> <span class='ocrx_word' id='word_1_486' title='bbox 2426 3784 2532 3818; x_wconf 83' lang='lat' dir='ltr'><strong>am-</strong></span> 
     </span>
     <span class='ocr_line' id='line_1_95' title="bbox 1478 3844 2537 3895; baseline 0.001 -1"><span class='ocrx_word' id='word_1_487' title='bbox 1478 3844 1601 3895; x_wconf 86' lang='lat' dir='ltr'><strong>nis.’</strong></span> <span class='ocrx_word' id='word_1_488' title='bbox 1667 3844 1942 3894; x_wconf 90' lang='lat' dir='ltr'><strong>Cornelius</strong></span> <span class='ocrx_word' id='word_1_489' title='bbox 1986 3844 2209 3892; x_wconf 85' lang='lat' dir='ltr'><strong>Severus</strong></span> <span class='ocrx_word' id='word_1_490' title='bbox 2253 3844 2308 3891; x_wconf 87' lang='lat' dir='ltr'><strong>in</strong></span> <span class='ocrx_word' id='word_1_491' title='bbox 2351 3844 2537 3895; x_wconf 83' lang='lat' dir='ltr'><strong>AEtna:</strong></span> 
     </span>
     <span class='ocr_line' id='line_1_96' title="bbox 1476 3918 2538 3984; baseline 0 -13"><span class='ocrx_word' id='word_1_492' title='bbox 1476 3924 1491 3951; x_wconf 81' lang='lat'>⁸</span> <span class='ocrx_word' id='word_1_493' title='bbox 1521 3937 1614 3971; x_wconf 91' lang='lat' dir='ltr'><strong>seu</strong></span> <span class='ocrx_word' id='word_1_494' title='bbox 1657 3921 1864 3984; x_wconf 84' lang='lat' dir='ltr'><strong>lympha</strong></span> <span class='ocrx_word' id='word_1_495' title='bbox 1899 3918 2115 3983; x_wconf 86' lang='lat' dir='ltr'><strong>perenni</strong></span> <span class='ocrx_word' id='word_1_496' title='bbox 2163 3919 2287 3968; x_wconf 89' lang='lat' dir='ltr'><strong>Edit</strong></span> <span class='ocrx_word' id='word_1_497' title='bbox 2330 3921 2538 3971; x_wconf 84' lang='lat' dir='ltr'><strong>humum</strong></span> 
     </span>
     <span class='ocr_line' id='line_1_97' title="bbox 1475 3995 2537 4060; baseline 0.001 -14"><span class='ocrx_word' id='word_1_498' title='bbox 1475 3999 1617 4057; x_wconf 82' lang='lat' dir='ltr'><strong>lima,</strong></span> <span class='ocrx_word' id='word_1_499' title='bbox 1636 3997 1916 4060; x_wconf 81' lang='lat' dir='ltr'><strong>furtimque</strong></span> <span class='ocrx_word' id='word_1_500' title='bbox 1933 3995 2195 4044; x_wconf 80' lang='lat' dir='ltr'><strong>obstantia</strong></span> <span class='ocrx_word' id='word_1_501' title='bbox 2214 3996 2415 4046; x_wconf 86' lang='lat' dir='ltr'><strong>mollit.’</strong></span> <span class='ocrx_word' id='word_1_502' title='bbox 2438 3998 2537 4047; x_wconf 85' lang='lat' dir='ltr'><strong>At-</strong></span> 
     </span>
     <span class='ocr_line' id='line_1_98' title="bbox 1475 4071 2536 4135; baseline 0 -13"><span class='ocrx_word' id='word_1_503' title='bbox 1475 4075 1580 4123; x_wconf 86' lang='lat' dir='ltr'><strong>tius</strong></span> <span class='ocrx_word' id='word_1_504' title='bbox 1599 4073 1652 4120; x_wconf 90' lang='lat' dir='ltr'><strong>in</strong></span> <span class='ocrx_word' id='word_1_505' title='bbox 1676 4071 1943 4134; x_wconf 86' lang='lat' dir='ltr'><strong>Telepho:</strong></span> <span class='ocrx_word' id='word_1_506' title='bbox 1969 4078 1984 4099; x_wconf 88' lang='lat'>‘</span> <span class='ocrx_word' id='word_1_507' title='bbox 2004 4071 2264 4133; x_wconf 81' lang='lat' dir='ltr'><strong>remisque</strong></span> <span class='ocrx_word' id='word_1_508' title='bbox 2289 4072 2396 4120; x_wconf 85' lang='lat' dir='ltr'><strong>nixi</strong></span> <span class='ocrx_word' id='word_1_509' title='bbox 2417 4088 2536 4135; x_wconf 85' lang='lat' dir='ltr'><strong>pro-</strong></span> 
     </span>
     <span class='ocr_line' id='line_1_99' title="bbox 1477 4146 2533 4213; baseline -0.001 -15"><span class='ocrx_word' id='word_1_510' title='bbox 1477 4148 1676 4213; x_wconf 86' lang='lat' dir='ltr'><strong>periter</strong></span> <span class='ocrx_word' id='word_1_511' title='bbox 1697 4162 1879 4198; x_wconf 82' lang='lat' dir='ltr'><strong>navem</strong></span> <span class='ocrx_word' id='word_1_512' title='bbox 1901 4148 1951 4195; x_wconf 90' lang='lat' dir='ltr'><strong>in</strong></span> <span class='ocrx_word' id='word_1_513' title='bbox 1969 4146 2142 4209; x_wconf 78' lang='lat' dir='ltr'><strong>fugam</strong></span> <span class='ocrx_word' id='word_1_514' title='bbox 2154 4148 2392 4197; x_wconf 83' lang='lat' dir='ltr'><strong>Trudnnt</strong></span> <span class='ocrx_word' id='word_1_515' title='bbox 2413 4149 2533 4197; x_wconf 86' lang='lat' dir='ltr'><strong>sub-</strong></span> 
     </span>
     <span class='ocr_line' id='line_1_100' title="bbox 1478 4224 2532 4286; baseline -0.001 -12"><span class='ocrx_word' id='word_1_516' title='bbox 1478 4233 1560 4274; x_wconf 82' lang='lat' dir='ltr'><strong>ter</strong></span> <span class='ocrx_word' id='word_1_517' title='bbox 1584 4239 1710 4273; x_wconf 80' lang='lat' dir='ltr'><strong>saxa</strong></span> <span class='ocrx_word' id='word_1_518' title='bbox 1733 4224 1796 4273; x_wconf 82' lang='lat' dir='ltr'><strong>ad</strong></span> <span class='ocrx_word' id='word_1_519' title='bbox 1823 4225 2004 4275; x_wconf 81' lang='lat' dir='ltr'><strong>laevam</strong></span> <span class='ocrx_word' id='word_1_520' title='bbox 2029 4238 2130 4286; x_wconf 83' lang='lat' dir='ltr'><strong>qua</strong></span> <span class='ocrx_word' id='word_1_521' title='bbox 2160 4233 2383 4272; x_wconf 84' lang='lat' dir='ltr'><strong>montem</strong></span> <span class='ocrx_word' id='word_1_522' title='bbox 2408 4225 2532 4273; x_wconf 88' lang='lat' dir='ltr'><strong>mol·</strong></span> 
     </span>
     <span class='ocr_line' id='line_1_101' title="bbox 1927 4301 2573 4362; baseline -0.002 -9"><span class='ocrx_word' id='word_1_523' title='bbox 1927 4302 2083 4353; x_wconf 83' lang='lat' dir='ltr'><strong>Festo</strong></span> <span class='ocrx_word' id='word_1_524' title='bbox 2135 4303 2150 4331; x_wconf 92' lang='lat'>‘</span> <span class='ocrx_word' id='word_1_525' title='bbox 2176 4301 2528 4362; x_wconf 80' lang='lat' dir='ltr'><strong>Rumentum,’</strong></span> <span class='ocrx_word' id='word_1_526' title='bbox 2562 4321 2573 4330; x_wconf 89' lang='lat'><strong>·</strong></span> 
     </span>
    </p>
   </div>
  </div>
 </body>
</html>
