3000 4917
474 366 648 431 4990
713 451 720 454 .

475 526 659 585 tincto,
680 523 798 574 vide
822 522 1111 573 Cornelium
1133 522 1370 571 Tacitum
1401 521 1526 571 His-

474 602 722 650 toriarum
748 600 879 649 libro
900 612 978 648 ιν.
1000 606 1057 648 et
1078 599 1201 649 item
1234 611 1366 649 xm.
1401 599 1527 647 Pin·

476 678 598 726 tian-

592 754 728 804 CAP.
762 765 1044 803 nxxxvm.
1111 751 1414 806 Quosterras

740 825 1081 887 interruperint
1102 825 1269 874 maria.

522 903 706 953 AEolius
718 900 917 964 insulae]
936 900 1233 961 Vulcanius,
1246 899 1527 963 Liparaeas,

474 980 820 1044 Hephaistias,
851 978 990 1029 infra
1029 991 1119 1027 111.
1157 981 1206 1026 8.
1243 976 1335 1025 sub
1356 975 1529 1025 finem.

475 1056 642 1108 Doleo.

540 1130 845 1194 Pithecusa]
892 1128 1123 1192 AEnaria,
1155 1128 1379 1177 Inarime
1417 1126 1526 1176 Ho-

474 1220 638 1274 mero.
717 1205 1012 1256 Pithecusa
1068 1204 1293 1259 Graecis,
1338 1216 1429 1253 ιιι.
1474 1207 1527 1251 6.

474 1281 625 1331 Idem.

540 1357 703 1405 Mox
683 1372 736 1405 ιιι
757 1356 833 1406 his
852 1361 1054 1405 mntem
1076 1309 1294 1418 Epopon]
1341 1353 1525 1404 Scribo

474 1433 747 1495 Eponam,
773 1446 873 1481 non
910 1433 1128 1494 Epopon,
1163 1445 1228 1480 ex
1268 1429 1524 1479 Strabone

474 1508 564 1557 lib.
586 1522 637 1558 ν.
658 1522 759 1557 ιιοιι
783 1508 931 1569 longe
957 1522 986 1556 a
1008 1506 1148 1556 fine:
1178 1506 1405 1555 Timaeus
1430 1506 1525 1560 ait,

472 1583 699 1645 ‘priscos
740 1597 944 1646 qnoque
981 1584 1095 1632 illos
1128 1582 1315 1632 multas
1346 1581 1411 1629 de
1435 1581 1526 1631 Pi-

449 1658 722 1707 ‘tliecussis
788 1656 986 1707 fabulas
1054 1657 1280 1707 edidisse
1334 1657 1526 1720 prodit.

474 1734 640 1783 Paulo
662 1739 784 1783 ante
820 1733 986 1797 ipsum
1011 1734 1194 1783 collem
1218 1734 1524 1796 Epomeum,

472 1808 524 1856 in
565 1807 745 1857 insule
770 1808 939 1856 medio
956 1807 1129 1864 situm,
1151 1821 1247 1871 per
1275 1807 1522 1872 quosdam

474 1890 793 1931 terraemotus
824 1881 1066 1931 incendia
1097 1881 1380 1931 evomuisse
1416 1890 1521 1930 tra·

473 1956 587 2008 dit!
624 1958 839 2007 Pintian.

535 2032 772 2092 Stagnum
824 2029 1086 2093 emersisse]
1150 2031 1227 2080 Ut
1268 2031 1522 2094 intelligas

472 2109 645 2157 omnia
665 2109 718 2156 in
749 2122 852 2157 una
889 2108 1051 2156 insula
1073 2106 1345 2169 accidisse,
1378 2108 1523 2171 oppi-

472 2183 593 2232 dum
628 2183 770 2232 hiatu
802 2183 1056 2245 haustum,
1086 2190 1323 2245 stagnum
1359 2197 1526 2232 emer-

473 2258 618 2319 sisse,
640 2264 840 2307 montes
862 2258 1184 2321 provolutos,
1216 2272 1317 2307 non
1339 2258 1522 2306 eodem

473 2342 643 2383 tamen
668 2340 824 2384 terrae
846 2339 1012 2395 motu,
1046 2332 1138 2382 sed
1163 2332 1265 2382 alio
1291 2342 1407 2396 post
1430 2333 1522 2381 ali·

474 2423 576 2458 um.
610 2410 779 2459 Gelon.

539 2483 852 2550 Prochytam]
886 2483 1019 2534 Vide
1042 2497 1130 2533 ιιι.
1153 2488 1201 2533 8.
1237 2484 1405 2533 Doleo.

535 2560 775 2625 Siciliam]
808 2562 1007 2611 Seneca
1043 2560 1169 2609 Nat.
1206 2558 1407 2610 Quaest.
1439 2572 1523 2607 vx.

471 2639 554 2685 29.
589 2636 739 2684 Idem.

538 2711 832 2774 Leucosiam]
863 2710 1113 2760 Leucosia
1147 2710 1385 2759 Sirenum
1422 2724 1523 2758 una

471 2784 524 2833 in
560 2785 881 2846 Neptunium
916 2784 1321 2847 promontorium
1342 2799 1371 2832 e
1394 2785 1524 2833 mari

473 2859 641 2921 ejecta
675 2858 850 2907 insulta
890 2872 1076 2908 nomen
1120 2858 1282 2908 dedit.
1357 2860 1522 2923 Lyco-

473 2934 637 2996 phron
652 2933 705 2982 in
721 2933 1039 2982 Cassandra:
1065 2933 1214 2992 ἀκτὴν
1222 2932 1273 2981 δὲ
1285 2933 1522 2997 rinus-poti-

416 3013 422 3021 *
470 3023 657 3069 χουσαν
688 3007 755 3057 εἰς
792 3006 1009 3058 Ἐνιπέως
1058 3007 1301 3057 Λευκωσία
1340 3009 1525 3071 ῥιφεῖσα

472 3084 563 3142 τὴν
580 3082 817 3144 ἐπώνυμον
827 3081 1013 3145 Πέτραν
1022 3082 1191 3144 ὀχήσει
1207 3082 1364 3146 δαρόν.
1390 3086 1523 3134 Can·

473 3165 614 3207 tetus
637 3172 728 3209 ιιι.
755 3162 835 3207 10.
866 3160 882 3187 ‘
907 3159 1022 3207 Alia
1045 3163 1125 3207 est
1146 3160 1394 3208 Leucosia
1416 3158 1523 3209 dio·

473 3243 527 3284 ta
548 3234 611 3282 ab
636 3233 813 3283 AEneae
837 3233 1159 3295 consobrina,
1198 3232 1271 3282 ibi
1301 3234 1522 3297 sepulta,

471 3308 621 3370 cujus
643 3308 875 3358 meminit
898 3308 1337 3357 Halicarnassaeus
1360 3308 1452 3358 lib.
1479 3322 1520 3359 1.

472 3392 528 3432 et
572 3397 687 3446 quae
733 3382 1015 3446 depravata
1054 3385 1313 3447 scriptura
1361 3385 1522 3435 Festo

474 3456 774 3508 ‘Lectosia’
812 3457 1039 3510 dicitur.'
1106 3459 1316 3509 Sirenas
1355 3459 1519 3509 Auso·

472 3534 587 3582 nius
608 3532 661 3581 in
679 3532 894 3595 Grypho
911 3540 1059 3582 vocat
1083 3533 1356 3599 Siredonos,
1374 3538 1521 3598 quasi

473 3606 788 3671 σειραήδονας,
826 3615 981 3656 cantu
1023 3608 1326 3662 allicientes:
1362 3612 1378 3639 ‘
1397 3611 1522 3659 Tres

473 3684 525 3731 in
535 3683 802 3732 Trinacria
819 3681 1114 3732 Seiridones
1128 3699 1144 3733 z
1165 3684 1335 3733 omnia
1349 3684 1522 3733 trina-³

497 3832 629 3884 CAP.
655 3844 890 3882 Lxxxlx.
926 3833 1230 3888 Quaeimutoe
1243 3836 1504 3884 continenti

679 3927 688 3937 ·
876 3907 1125 3968 adiuuem.

538 3988 789 4036 AEthusum
836 3985 1043 4052 Myndo]
1105 3988 1302 4038 Plinius
1345 4003 1399 4038 v.
1442 3993 1525 4037 31.

476 4062 776 4111 AE'iheousum
823 4063 1069 4127 nominat,
1107 4065 1203 4113 etsi
1243 4065 1394 4113 aliter
1434 4064 1523 4113 ha-

475 4137 599 4185 beat
621 4144 769 4185 vetus
806 4138 978 4201 lectio,
1011 4147 1068 4187 ιιι
1109 4153 1201 4189 sno
1238 4140 1353 4189 loco
1385 4139 1527 4189 dice·

470 4219 576 4263 tur.
611 4212 868 4263 Caeterum
892 4219 1008 4263 utro
1029 4215 1177 4265 modo
1192 4216 1411 4282 legatur,
1428 4231 1526 4280 per

1173 378 1837 429 No'rAE'vARmRUM
1890 382 1969 429 IN

1603 538 1646 571 αι
1668 522 2025 587 diphthongon
2067 520 2399 573 scribendum
2422 536 2565 580 esse,
2601 537 2666 572 ex

1602 598 1914 661 etymologia
1945 599 2153 657 Graeca‚
2187 599 2358 647 notius
2393 606 2480 646 est
2513 613 2667 663 qnam

1601 683 1662 723 ut
1686 674 1899 723 iudicari
1924 680 2096 737 egeat.
2131 673 2269 722 Item
2292 674 2479 737 Myndo
2503 687 2600 736 per
2617 689 2667 736 y,

1601 756 1661 798 ut
1684 748 1735 797 in
1759 749 2098 812 Pomponium
2124 749 2364 798 diximus.
2400 748 2624 798 Pintian.

1669 824 1921 873 Domision
1955 830 2005 874 et
2044 825 2271 873 Prienam
2301 824 2499 880 Mileto,
2520 824 2670 873 Arte-

1601 901 1790 950 misiam
1859 900 2125 950 Parthenio
2189 898 2533 963 promontorio]
2602 898 2668 948 In

1602 976 1752 1026 Vett.
1788 976 1921 1026 Cod.
1959 975 2129 1024 verius
2163 974 2390 1038 legitur:
2440 974 2669 1023 Dromis·

1600 1067 1687 1100 con
1721 1058 1772 1101 et
1810 1052 2004 1101 Pernen
2062 1050 2255 1112 Mileto,
2313 1049 2671 1099 Narthecusa·

1601 1128 1868 1178 Parthenio
1886 1127 2219 1190 promontorio.
2253 1124 2447 1175 Gelen.

1666 1203 1867 1267 Syriten
1889 1203 2104 1266 Ephesus
2135 1203 2188 1250 in
2208 1200 2562 1249 mediterranea
2583 1200 2671 1248 Ιια-

1599 1277 1701 1340 bet]
1737 1278 1939 1328 Plinius
1962 1282 2123 1328 v.81.
2156 1277 2348 1341 Syrien,
2384 1290 2488 1324 non
2528 1276 2671 1340 Syri·

1600 1360 1698 1413 ten,
1715 1354 1983 1416 appellat;
2005 1353 2087 1402 cui
2110 1350 2425 1415 suffragatur
2449 1356 2669 1400 etvetus

1601 1429 1774 1477 lectio.
1812 1428 2029 1477 Pintiuu.

1647 1504 1787 1555 CAP.
1808 1516 1896 1553 xc.
1949 1505 2068 1559 Quoe
2090 1508 2230 1551 terroe
2249 1502 2302 1551 in
2322 1506 2479 1550 totum
2493 1502 2622 1550 muri

1979 1582 2277 1641 pemncmoe.

1661 1654 1786 1703 Mox
1806 1654 1996 1703 interno
2017 1668 2123 1716 quoe
2141 1653 2354 1702 videmus
2373 1652 2535 1713 hodie,
2557 1652 2669 1715 ξι]

1599 1729 1767 1791 Lege,
1804 1743 1894 1792 quo
1929 1727 2142 1777 videmus
2179 1728 2333 1791 hodie,
2372 1742 2439 1777 ex
2481 1727 2668 1776 codice

1597 1806 1840 1855 Salmant.
1863 1813 1921 1853 ut
1941 1803 2134 1855 referat
2155 1804 2285 1853 mari
2306 1801 2536 1852 interno.
2573 1803 2654 1853 Id.

1711 1881 1846 1932 Cu.
1869 1894 1985 1931 xct.
2053 1880 2175 1935 Qua·
2193 1885 2335 1928 terres
2357 1878 2476 1941 ἐμω
2496 1892 2548 1927 ae

1980 1955 2275 2024 sorbuerunt.

1662 2031 1822 2095 Atque
1843 2036 1898 2080 ut
1929 2032 2064 2080 sinus
2082 2036 2129 2080 et
2152 2035 2327 2091 stagna
2361 2034 2669 2093 preteream,

1597 2110 1701 2171 ipsa
1718 2121 1768 2156 se
1800 2109 2002 2156 condens
2033 2111 2182 2161 terra,
2213 2107 2320 2170 ξω]
2367 2105 2538 2155 Ambo
2574 2122 2669 2156 ex-

1600 2182 1870 2244 emplaria,
1898 2182 2003 2245 ipsa
2039 2195 2191 2231 secum
2221 2186 2294 2231 est
2324 2185 2470 2232 tem.
2525 2182 2670 2230 Scri-

1601 2256 1686 2311 bo,
1717 2256 1822 2319 ipsu
1854 2272 1907 2305 se
1939 2261 2109 2305 comest
2143 2261 2293 2317 terra,
2321 2263 2381 2305 ut
2410 2270 2542 2305 vm.
2583 2260 2669 2305 ⁵1.

1599 2332 1617 2361 ⁴
1641 2332 1888 2381 Comesse
1908 2329 2063 2381 foetus
2085 2330 2164 2379 his
2189 2344 2289 2381 non
2312 2339 2395 2380 est
2428 2331 2668 2395 prodigi-

1600 2422 1682 2454 um
1702 2406 1738 2453 z'
1771 2414 1826 2455 et
1858 2407 2043 2456 Cicero
2083 2421 2179 2469 pro
2224 2406 2491 2463 Cluentio,
2533 2414 2550 2434 ⁶
2574 2421 2669 2457 co-

1599 2474 2036 2541 mestum’dixit,
2077 2481 2345 2530 Prisciano
2382 2487 2605 2530 auctore
2626 2482 2666 2530 1.

1599 2570 1656 2605 x.
1690 2556 1919 2606 Verbum
1942 2562 2112 2605 autem
2132 2554 2266 2620 quod
2283 2555 2520 2619 sequitur
2536 2568 2667 2603 eon·

1599 2633 1762 2688 tinuo,
1795 2633 2080 2688 Devoravit,
2123 2646 2241 2681 cum
2275 2630 2471 2693 majore
2505 2630 2669 2679 litera

1598 2708 1865 2772 scriptum,
1887 2709 2092 2757 initium
2117 2721 2228 2757 esse
2261 2705 2419 2755 debet
2441 2719 2668 2769 sequen·

1599 2784 1665 2833 tis
1688 2785 1948 2833 clausulae.
1992 2783 2159 2832 Porro
2187 2782 2408 2831 Cibotum
2427 2788 2665 2830 montem

1597 2858 1812 2922 conjicio
1854 2856 2010 2907 fuisse
2054 2857 2334 2920 provinciae
2393 2856 2665 2919 Phrygiae.

1600 2932 1736 2981 Nam
1780 2932 2065 2996 Apameam
2096 2933 2338 2996 Phrygia!
2377 2932 2538 2981 etiam
2580 2946 2668 2981 nr-

1597 3007 1732 3062 bem,
1755 3008 2068 3071 appellatam
2091 3008 2207 3056 aliis
2231 3006 2524 3057 nominibus
2551 3008 2663 3056 Gae·

1596 3083 1725 3131 lenas
1759 3092 1814 3132 et
1853 3083 2073 3145 Ciboton,
2119 3082 2212 3131 lib.
2248 3095 2304 3133 v.
2344 3081 2542 3131 traditt
2602 3088 2666 3131 nt

1596 3159 1754 3215 forte,
1790 3160 1926 3223 quod
1949 3158 2247 3224 frequenter
2267 3158 2481 3215 accidit,
2508 3173 2663 3207 mons

1597 3235 1710 3285 urbi
1732 3250 1919 3285 nomen
1942 3234 2167 3284 dederit.
2217 3233 2542 3283 Confirmant
2558 3234 2661 3283 hoc

1598 3309 1757 3359 verba
1777 3309 2067 3373 sequentia,
2103 3308 2374 3373 ‘Sipylum
2410 3310 2466 3358 in
2507 3309 2663 3372 Mag-

1596 3384 1774 3435 nesia.’
1809 3385 2032 3434 Pintiun.

1649 3460 1783 3509 Cu».
1808 3473 1944 3510 xcu.
2001 3461 2122 3515 Quoe
2140 3458 2280 3509 urbes
2300 3458 2487 3508 hume
2505 3459 2608 3507 sint

2029 3550 2059 3584 a
2078 3550 2219 3584 man.

1662 3610 1865 3674 Elicen]
1889 3609 2074 3659 Strabo
2109 3609 2201 3658 lib.
2233 3621 2360 3659 vm.
2400 3608 2572 3658 Arist.
2592 3608 2664 3658 de

1598 3684 1813 3735 Mundo.
1865 3685 2212 3735 Callisthenes
2245 3684 2383 3747 apud
2405 3685 2661 3734 Senecam

1597 3760 1796 3814 Quaest.
1817 3762 1945 3811 Nat.
1968 3761 2058 3810 lib.
2071 3774 2149 3810 vx.
2169 3760 2326 3815 ovid.
2371 3760 2428 3811 Si
2450 3761 2661 3825 quaeris,

1597 3837 1784 3901 Polyp.
1820 3837 1911 3886 lib.
1950 3850 2011 3886 ιι.
2047 3836 2239 3899 Xylan.
2279 3849 2439 3899 super
2478 3837 2659 3885 Vitam

1597 3913 1674 3961 Μ.
1701 3912 1943 3961 Antonini
1965 3912 2053 3962 lib.
2075 3925 2150 3960 w.
2177 3926 2228 3974 p.
2253 3914 2368 3960 834.
2401 3910 2574 3959 Dulce.

1631 3988 1765 4037 CAP.
1789 4001 1948 4037 xcm.
2014 3988 2092 4037 De
2112 3987 2352 4035 mirandis
2371 3992 2624 4036 terrarum.

1666 4066 1857 4114 Candor
1897 4063 2122 4126 alicuius]
2162 4064 2261 4112 Vel
2305 4062 2526 4125 unionis,
2569 4063 2662 4112 vel

1600 4140 1918 4189 Adamantis.
1951 4139 2098 4188 Ideni.

1665 4214 1878 4278 Spiritus
1898 4215 2060 4265 letales
2078 4212 2215 4277 alibi]
2258 4211 2392 4263 Vide
2428 4212 2653 4278 Rhodig.
