3000 4917
727 388 791 435 ο.
836 382 1079 435 eumn
1130 379 1464 432 suenum
1515 380 1660 429 ma.
1708 380 1787 429 11.
1829 363 2002 450 (63.)

265 531 471 583 stallive
515 528 785 593 angulosa«
807 539 998 586 massa,
1039 525 1105 575 ad
1149 525 1316 575 lucem

268 621 543 658 conversa:
580 604 884 665 πολυώνυμον
898 600 1017 666 ὕδωρ
1041 608 1193 651 vocat
1209 600 1319 651 He-

266 685 458 734 siodus.
493 684 647 733 Idem.

333 760 613 821 Igniumque
634 757 780 821 fieri]
816 756 903 805 Fit
924 755 1083 804 etiam
1110 767 1202 816 per
1215 766 1320 802 em·

270 835 473 900 phasim
522 836 632 883 sive
675 831 987 897 symphasin,
1027 829 1177 878 lineis
1218 841 1319 877 non

267 912 425 960 rectis
466 893 557 960 sed
602 905 856 956 refractis.
929 903 1201 954 Plutarch.
1255 901 1321 951 de

267 985 458 1035 Placit.
502 983 638 1033 Phil.
677 995 765 1031 ιιι.
789 987 838 1030 5.
866 973 1017 1030 Stob.
1048 979 1227 1042 Eelog.
1269 991 1322 1039 p.

269 1065 351 1110 6⁷.
389 1059 541 1110 Idem.

267 1165 272 1170 -
333 1136 452 1185 Nisi
496 1132 845 1200 quartadecima
888 1130 1028 1179 Luna
1062 1126 1217 1192 posse]
1245 1126 1326 1175 Ἐν

267 1211 339 1274 τῇ·
388 1205 689 1268 πανσελήνῳ.
720 1206 884 1255 Arist.
955 1202 1151 1253 Eodem
1190 1215 1324 1251 auno

267 1287 349 1337 bis
384 1286 549 1335 visam
582 1292 891 1333 nocturnam
922 1280 1032 1329 Irin
1076 1278 1131 1327 in
1166 1276 1325 1341 Aqui·

267 1363 407 1423 lone,
450 1362 598 1410 Luna
628 1359 681 1407 in
723 1356 948 1406 Meridie
993 1354 1180 1418 posita,
1222 1366 1325 1401 non

199 1475 204 1478 -
266 1434 476 1502 quidem
497 1436 668 1500 plena,
685 1432 774 1482 sed
790 1429 1133 1496 amphicyrto‚
1148 1428 1326 1479 obser·

266 1520 447 1563 vatum
469 1518 569 1562 est.
604 1511 756 1560 Idem·

339 1588 530 1638 Gaetem
550 1584 759 1647 eJusdem
792 1588 981 1632 natura
998 1580 1164 1631 mauis
1184 1578 1325 1629 dubia

266 1677 370 1713 esse
402 1661 560 1725 video]
621 1660 755 1709 Haec
790 1658 950 1707 verba
988 1655 1189 1705 initium
1213 1668 1326 1703 esse

268 1738 468 1787 debent
521 1736 711 1798 capitis
778 1731 1081 1796 sequentis:
1138 1729 1325 1794 alioqui

264 1825 457 1876 magna
493 1810 775 1860 lectoribus
827 1805 1078 1856 ariolandi
1122 1803 1325 1855 occasio

261 1891 625 1950 praestaretur.
692 1882 933 1932 Disseret
965 1878 1100 1929 enim
1122 1878 1325 1927 Plinius

266 1962 449 2026 capite
495 1958 747 2024 proximo,
782 1957 847 2006 de
884 1953 1151 2019 grandine,
1186 1953 1324 2018 nive,

265 2053 410 2101 rore,
426 2036 631 2100 pruina,
652 2034 861 2095 nebula,
872 2045 989 2096 quae
1001 2029 1231 2093 ejusdem
1252 2028 1324 2077 vi·

266 2115 461 2162 deutur
482 2124 597 2160 esse
615 2116 828 2158 naturae.
862 2106 1001 2155 Pint.
1024 2108 1074 2153 et
1093 2104 1264 2153 Doleo.

303 2189 439 2239 Cu.
462 2199 553 2237 Lx.
609 2186 689 2235 De
705 2183 961 2247 grandine,
984 2182 1113 2244 nive,
1132 2179 1322 2243 pruina,

639 2262 960 2316 ποιήσασα.

261 2379 270 2383 -
341 2337 635 2389 Grandine„-
647 2331 964 2397 conglaciato]
978 2330 1243 2380 Plutarch.
1255 2329 1323 2378 de

268 2416 423 2466 Plac.
445 2412 582 2464 Phil.
603 2425 689 2460 ιη.
707 2415 760 2459 4.
792 2408 941 2459 Stob.
961 2407 1138 2469 Eelog.
1162 2405 1320 2467 Phys.

266 2504 315 2541 ι.
336 2493 417 2540 24.
442 2503 493 2551 p.
511 2491 592 2537 63.
625 2486 791 2535 Doleo.
855 2519 858 2520 γ

339 2565 493 2613 Rores
510 2575 657 2624 neque
674 2557 810 2622 gelu]
827 2559 929 2607 Ros
946 2554 1110 2605 imber
1134 2552 1322 2604 tenuis.

265 2641 471 2692 Aleum.
507 2638 583 2687 ait
618 2651 732 2687 esse
765 2633 913 2687 Jovis
950 2638 1007 2681 et
1038 2632 1199 2680 Luuoe
1223 2628 1323 2677 fili·

267 2730 386 2767 nm:
420 2713 532 2763 Διὸς
551 2710 763 2774 θυγάτηρ
784 2708 900 2773 ἔρσα
930 2704 1093 2770 τρέφει
1127 2703 1206 2754 καὶ
1240 2719 1322 2753 σε·

267 2791 422 2842 airas
443 2789 561 2841 δίας.
626 2790 779 2843 Nam,
821 2791 879 2834 ut
918 2783 1085 2845 iuquit
1114 2781 1322 2832 Plutar-

269 2869 418 2928 chus,
438 2863 733 2924 πανσέληνος
752 2858 1039 2926 δροσοβόλος
1060 2854 1223 2906 dan-iv:
1258 2868 1321 2904 ae

269 2945 393 2995 ideo
413 2956 569 2993 canes
593 2939 885 3005 pleniluniis
905 2935 1080 2995 ἥκιστα
1102 2931 1324 2994 ἰχνοσκο-

267 3023 400 3073 clau
418 3017 806 3082 ἐντυγχάνουσιν,
824 3014 1066 3079 quoniam
1082 3010 1212 3058 roris
1231 3006 1323 3056 fri-

270 3099 467 3163 giditas
507 3096 718 3146 odorem
755 3093 948 3145 abolet,
982 3101 1079 3136 nec
1119 3086 1183 3149 ἐᾷ·
1222 3082 1325 3146 ῥεῖν

267 3175 362 3226 τὰς
390 3175 486 3223 τῶν
524 3169 651 3231 ζώων
687 3164 957 3230 ἀποφοράςε
1013 3175 1127 3227 quae
1169 3172 1325 3209 causa

270 3258 358 3301 est
380 3264 473 3300 cur
494 3246 789 3310 δισθήρευτος
812 3244 881 3292 sit
899 3240 931 3300 ἧ
956 3239 1052 3303 ὥρα
1070 3237 1159 3285 τοῦ
1173 3234 1325 3298 ἔαρος,

274 3325 521 3388 Rhodig..
555 3335 716 3372 xxv1.
758 3323 842 3369 26.
891 3313 1171 3367 ‚Victorius
1206 3323 1327 3359 κη’.

276 3407 359 3453 17.
448 3397 763 3450 Plutarchus
807 3394 860 3441 ἐν
892 3389 1112 3453 φυσικαῖς
1159 3382 1326 3435 αἰτίαις

270 3476 440 3528 tradit
471 3474 657 3524 obesas
709 3469 952 3518 mulieres
995 3478 1111 3513 rore
1149 3460 1328 3525 pannis

267 3559 389 3602 aut.
412 3546 653 3597 mollibus
688 3542 966 3594 velleribus
1003 3538 1231 3587 collecto·
1264 3547 1327 3584 ac

271 3631 505 3687 excepto
560 3617 924 3685 pinguedinem
967 3613 1196 3663 minuere
1266 3623 1330 3658 ae

275 3712 596 3752 consumere.
662 3690 925 3743 Victorius
944 3701 1007 3737 ιι.
1025 3693 1075 3738 6.
1142 3685 1190 3735 A
1211 3699 1328 3734 rore

275 3776 469 3826 milites
492 3769 693 3821 Rotarii
722 3766 999 3815 dicuntur:
1035 3763 1119 3826 qui
1150 3769 1205 3810 et
1229 3761 1328 3809 Fe-

271 3847 515 3906 rentarii,
569 3845 657 3909 qui
711 3840 864 3905 primi
920 3845 1175 3887 armatura
1224 3834 1326 3884 levi

275 3924 514 3989 praelium
532 3918 885 3977 committunt,
900 3909 1326 3978 quemadmodum

275 4000 462 4050 eoelum
508 4003 653 4045 rorat
686 4000 806 4042 ante
844 3989 1087 4055 pluviam.
1150 3987 1326 4037 Plaut.

273 4077 332 4126 in
356 4070 669 4123 Frivolaria:
704 4069 721 4097 ‘
740 4066 844 4119 Ubi
864 4064 1048 4115 rorarii
1066 4061 1220 4112 estis?
1255 4061 1329 4112 D.

279 4166 349 4201 en
372 4146 524 4198 sunt?
590 4144 727 4194 Vide
765 4141 1022 4191 Stewech.
1044 4151 1200 4203 super
1223 4136 1329 4187 Ve-

278 4232 389 4292 get.
409 4238 449 4274 1.
474 4227 556 4273 20.
575 4237 627 4287 p.
650 4223 734 4270 51.
768 4217 916 4267 Idem.

2282 359 2456 428 4983

1458 526 1595 575 Car.
1617 537 1728 574 uxr.
1794 523 1875 573 De
1891 522 2084 572 nubium
2101 519 2404 582 imaginibus.

1458 602 1538 650 De
1559 600 1755 649 nubium
1777 596 2096 659 imaginibus]
2135 596 2268 645 Vide
2293 593 2452 646 Arist.

1392 675 1621 725 Meteor.
1637 689 1677 725 1.
1692 678 1742 725 2.
1777 674 1963 723 Idem.-

1462 752 1599 802 CAP.
1621 763 1759 801 un.
1803 751 1884 800 De
1901 748 2266 812 proprietatibus
2285 746 2391 796 coeli

1822 827 1873 875 in
1897 826 2027 874 locis.
2268 853 2274 857 -

1460 905 1523 954 In
1549 905 1656 953 lucu
1687 901 1874 965 Veliae]
1907 901 2042 962 Lago
2066 900 2123 949 da·
2146 898 2452 950 Rietehodie

1396 978 1604 1030 dicitur.
1683 976 1827 1027 Alias
1871 975 2251 1044 appellationes
2291 974 2450 1022 habes

1400 1052 1539 1115 apud
1573 1052 1744 1106 Ortel.
1775 1051 2049 1102 onomast.
2086 1062 2180 1099 seu
2210 1049 2454 1098 Thesaur.

1401 1127 1598 1190 Geogr.
1637 1128 1786 1176 Idem.

1443 1231 1446 1238 -
1517 1204 1649 1254 Cu.
1671 1216 1831 1253 nxiu.
1881 1203 1960 1251 De
1982 1206 2151 1250 natura
2172 1204 2335 1250 term.

1461 1278 1700 1327 Materne
1737 1274 2080 1337 venerationis]
2113 1275 2272 1324 Barn.
2311 1272 2453 1323 Bris-

1399 1368 1508 1403 son.
1534 1354 1708 1402 Form.
1739 1351 1830 1400 lib.
1852 1365 1893 1400 ι.
1915 1365 1970 1412 p.
1993 1354 2078 1403 49.
2111 1349 2260 1398 Idem.

1467 1428 1722 1489 Complexo
1787 1424 1991 1487 gremio]
2058 1424 2257 1473 Ennius
2313 1419 2454 1484 apud

1397 1502 1724 1551 Varronem=
1755 1501 1886 1549 ‘Est
1907 1512 2096 1563 eorpus
2136 1505 2277 1545 terra
2300 1511 2316 1555 ς
2337 1508 2453 1559 quae

1399 1575 1619 1625 dederat
1656 1576 1770 1639 ipsa
1790 1575 1952 1640 capit,
1988 1587 2159 1636 neque
2190 1568 2456 1634 dispendii

1398 1651 1523 1702 facit
1564 1650 1763 1703 hilum)
1842 1649 2026 1699 Alibi:
2086 1647 2251 1697 ‘Quae
2282 1643 2454 1692 ‘dedit

1400 1729 1488 1778 illa
1527 1728 1688 1791 capit,
1718 1739 1886 1791 neque
1916 1721 2172 1785 dispendii
2208 1719 2341 1769 facit
2376 1718 2455 1766 bi·

1399 1805 1536 1854 lum:
1590 1803 1740 1853 Idem
1763 1817 1830 1851 ex
1850 1800 2189 1863 Epicharmos
2223 1794 2456 1846 (Isthaec

1399 1887 1544 1931 terra
1566 1886 1748 1942 gentes
1772 1891 1949 1927 omnes
1974 1874 2197 1939 peperit,
2216 1880 2271 1923 et
2310 1886 2456 1921 resu-

1397 1958 1495 2006 mit
1516 1956 1686 2006 denuo
1706 1971 1723 2004 ε
1760 1954 1953 2003 Isthaec
1985 1952 2077 2001 dat
2115 1949 2326 2004 cibaria,
2359 1948 2454 1997 ist-

1398 2034 1511 2084 haec
1534 2031 1765 2081 omnibus
1783 2028 1958 2091 fruges
1981 2024 2157 2089 gerit-⁹
2186 2024 2341 2073 Idem.

1471 2109 1543 2157 Ut
1573 2111 1744 2160 mater,
1766 2102 1997 2167 operiens]
2051 2100 2297 2163 Magnam
2331 2097 2453 2147 olim

1398 2192 1455 2234 et
1485 2183 1695 2246 impiam
1718 2178 1950 2228 fraudem
1974 2176 2252 2225 admittere
2277 2186 2458 2222 cense-

1400 2258 1573 2312 batur,
1617 2255 1706 2320 qui
1743 2255 1797 2303 iu
1839 2249 2162 2314 naufragum,
2198 2254 2287 2297 aut
2325 2247 2458 2297 inse-

1394 2335 1596 2398 pultum
1615 2329 1871 2395 quemvis,
1895 2335 2086 2377 terram
2111 2339 2213 2374 uon
2247 2322 2455 2386 injecis-

1397 2416 1497 2471 set,
1539 2409 1745 2469 Buzyre
1784 2403 1923 2468 apud
1963 2400 2307 2449 Athenienses
2339 2397 2453 2460 ejus

1396 2491 1561 2546 eaput
1598 2486 1866 2541 encrate,
1902 2476 1990 2542 qui
2027 2476 2080 2525 id
2119 2472 2452 2537 neglexisset.

1395 2561 1588 2611 Horat.
1642 2560 1659 2588 ⁸
1680 2559 1762 2608 Ne
1805 2568 1965 2619 parce
1989 2552 2241 2614 malignus
2279 2561 2452 2597 arenas

1396 2636 1617 2686 Ossibus
1640 2639 1697 2683 et
1728 2631 1886 2694 capiti
1911 2629 2174 2677 inhumato
2211 2622 2456 2672 Particu-

1393 2711 1495 2759 lam
1539 2706 1700 2758 dare-³
1785 2704 2021 2755 Catullus
2066 2701 2121 2750 in
2170 2698 2457 2762 Argonaut.

1394 2787 1410 2814 ‘
1433 2785 1549 2834 Nec
1571 2782 1769 2845 injecta
1789 2778 2087 2829 tumulabor
2107 2783 2315 2828 mortua
2347 2780 2453 2822 ter·

1395 2863 1486 2909 ra.’
1519 2858 1672 2907 Idem.

1460 2931 1794 2993 Sucmafacit]
1829 2929 1996 2978 Vetus
2030 2928 2116 2975 lex
2152 2924 2286 2973 fuit:
2321 2922 2455 2972 ‘Ubi

1404 3020 1595 3069 corpus
1617 3002 1837 3053 hominis
1858 2999 2119 3050 demortui
2140 2997 2352 3060 condas,
2372 3010 2455 3044 sa-

1395 3096 1486 3132 cer
1528 3082 1668 3130 locus
1711 3075 1868 3127 esto!
1928 3073 2236 3124 Plutarchus
2279 3084 2451 3122 sacros

1394 3164 1627 3208 mortuos
1665 3152 1933 3217 appellat3
1992 3149 2230 3213 quoniam
2274 3160 2451 3198 eorum

1396 3246 1544 3282 sacra
1562 3227 1832 3292 sepulchra
1882 3229 2042 3273 sunt:
2095 3220 2218 3270 iude
2253 3221 2454 3270 Graecis

1397 3306 1592 3355 dictum
1611 3299 1812 3359 ἀκινητὰ
1829 3298 1896 3359 μὴ
1917 3296 2050 3347 κίνει.
2063 3296 2283 3359 Rhodig.
2306 3308 2452 3345 xvu.

1399 3385 1480 3431 19.
1516 3382 1670 3429 Idem.

1489 3453 1638 3514 Cuius
1678 3465 1851 3501 numen
1901 3448 2119 3498 altinum
2163 3446 2272 3509 jum
2310 3445 2455 3496 nullis

1401 3532 1732 3594 imprecamur,
1784 3525 1890 3576 ,rati
1939 3520 2114 3584 grave]
2177 3520 2316 3572 Quid
2372 3526 2455 3569 est

1400 3603 1678 3670 imprecari
1710 3613 1897 3649 numen
1920 3599 1939 3647 ?
1974 3597 2324 3660 Imprecamur
2346 3608 2454 3643 ms-

1400 3684 1468 3735 la.
1541 3682 1769 3738 Numen,
1811 3675 1910 3724 nisi
1953 3672 2144 3735 aliquid
2170 3669 2346 3725 addas}
2379 3670 2453 3717 ni-

1400 3757 1471 3806 hil
1527 3753 1647 3804 mali
1700 3759 1797 3799 est.
1900 3745 2243 3809 Transposuit
2299 3757 2453 3793 unam

1402 3834 1650 3900 syllabam
1715 3829 1890 3878 neseio
1954 3828 2091 3889 quis,
2131 3824 2453 3887 Imprecumar

1400 3909 1501 3959 ruti
1553 3904 1848 3963 scribendo,
1881 3915 1975 3964 pro
2011 3899 2274 3949 Precamar
2313 3900 2450 3949 irati.

1403 3983 1668 4037 Dicebant
1690 3979 1824 4029 enim
1860 3976 1993 4027 male
2016 3982 2310 4038 precautes,
2346 3976 2456 4026 ‘Sit

1404 4060 1503 4110 tibi
1539 4066 1677 4107 terra
1699 4054 1869 4119 gravis
1889 4051 1923 4100 ι’
1957 4052 2095 4100 sieut
2120 4055 2298 4100 contra
2320 4050 2454 4102 bene

1407 4140 1699 4199 precantes,
1731 4128 1843 4178 ‘Sit
1880 4127 1973 4176 tibi
2009 4133 2149 4175 terra,
2178 4126 2304 4174 levis
2324 4125 2359 4175 ι’
2396 4130 2457 4176 ut'

1408 4217 1489 4262 es‘t
1513 4208 1687 4260 videre
1717 4207 1770 4256 in
1800 4201 2094 4270 epitaphiis.
2158 4202 2291 4252 Irati
2333 4216 2457 4266 pre-
