3000 4917
507 374 683 443 4494
1220 392 1286 442 c.
1329 388 1577 443 ommi
1624 387 1956 442 sssc‘unm

507 529 680 618 dius,
709 541 776 602 et
806 528 1126 621 quantum
1155 536 1404 613 colore,
1434 541 1687 601 tantum
1714 536 2007 602 bonitate
2030 535 2342 600 deterius.
2415 532 2711 604 Probaut

506 626 814 705 maxime
848 637 1168 723 Cyprium
1217 639 1288 702 in
1334 638 1692 704 medicinae
1726 647 1909 702 usu.⁹
1995 638 2325 703 Sumiturt
2361 640 2446 704 ad
2478 640 2710 722 depel-

506 741 708 806 lenda
735 740 985 804 ventris
1013 739 1331 804 animalia
1359 739 1694 804 drachmae
1724 738 2011 822 pondere
2043 760 2195 803 cum
2227 741 2444 806 melle.
2537 740 2710 804 Pur'-

508 849 620 925 gat
639 851 667 878 '¹
708 848 778 907 et
806 849 1014 924 caput
1043 842 1351 918 dilutum,
1382 847 1455 905 et
1479 842 1748 906 naribus
1777 841 2214 906 instillatum.
2262 844 2421 907 item
2454 849 2703 908 stoma

506 943 729 1020 chum,
763 963 914 1008 cum
945 944 1140 1008 melle
1173 950 1288 1007 aut
1317 963 1498 1026 aqua
1518 951 1570 981 ¹⁰
1599 943 1813 1007 mulsa
1843 951 2156 1035 sumtum.
2246 943 2606 1008 Medetur'
2645 947 2713 1007 et

506 1045 856 1111 oculorum
888 1045 1224 1110 scabritiei
1257 1043 1581 1120 dolorive,
1605 1053 1676 1108 et
1706 1044 2002 1126 caligini,
2009 1052 2056 1083 ¹¹
2091 1023 2158 1109 et
2186 1046 2323 1108 oris
2353 1046 2711 1110 ulceribus.

508 1147 707 1213 Sistit
746 1155 814 1212 et
851 1148 1235 1230 sauguinem
1266 1147 1563 1210 narium·
1609 1148 1763 1210 item
1793 1146 2371 1212 haemorrhoidum.
2460 1147 2711 1211 Extra-

505 1249 608 1314 hit
664 1250 825 1314 ossa
847 1256 886 1285 '⁷
940 1249 1153 1313 fracta
1211 1268 1365 1312 cum
1428 1249 1679 1312 semine
1733 1246 2150 1332 hyoscyami.
2269 1246 2638 1330 Suspendit
2659 1254 2709 1337 ’ἦ

505 1351 889 1434 epiphoras,
936 1349 1251 1433 penicillo
1294 1349 1493 1414 fronti
1540 1350 1942 1431 impositum.
2032 1348 2292 1415 Efficax
2341 1357 2407 1414 et
2454 1351 2522 1414 in
2574 1369 2710 1413 em-

503 1454 782 1536 plastris
837 1452 923 1517 ad
980 1450 1331 1536 purganda
1384 1453 1683 1530 ulcera,¹³
1747 1461 1816 1516 et
1868 1452 2331 1516 excrescentia
2390 1450 2712 1514 ulcerum.

503 1554 715 1618 Tollit
736 1560 789 1602 ¹4
826 1559 896 1618 et
933 1573 1127 1630 uvaS,
1158 1551 1268 1617 vel
1309 1553 1370 1616 si
1399 1553 1679 1618 decocto
1710 1560 2081 1635 tangantur.
2170 1552 2342 1618 Cum
2371 1552 2496 1616 lini
2541 1573 2708 1636 quo·-

505 1675 639 1740 que
686 1655 934 1721 semiue
974 1654 1446 1737 superponitur
1485 1654 1868 1738 emplastris
1907 1655 1995 1718 ad
2035 1653 2298 1718 dolores
2342 1653 2711 1719 tollendos:

506 1756 821 1840 quodque
868 1776 955 1821 ex
1002 1774 1086 1820 eo
1108 1762 1158 1802 ¹⁵
1202 1755 1532 1832 candicat,
1562 1756 1632 1819 in
1675 1776 1758 1820 eo
1804 1774 1930 1820 usu
1967 1756 2314 1839 praefertur
2359 1755 2711 1834 violaceiS,

455 1886 462 1891 ⁶
504 1860 565 1922 si
595 1858 909 1940 gravitati
936 1857 1195 1921 aurium
1228 1875 1348 1939 per
1369 1856 1632 1922 fistulas
1655 1855 2091 1940 inspiretur.¹⁶
2177 1856 2482 1922 Vulnera
2505 1851 2708 1920 etiam

503 1980 628 2044 per
671 1972 747 2024 se
790 1960 1029 2024 illitum
1077 1965 1295 2036 sanat,
1326 1958 1449 2022 sed
1478 1957 1716 2041 tinguit
1733 1966 1783 2009 ¹⁷
1820 1959 2194 2023 cicatrices.
2285 1957 2353 2022 N
2358 1965 2710 2041 uperque¹

503 2062 865 2137 inventum,
899 2079 1199 2125 ursorum
1244 2059 1313 2124 in
1355 2079 1552 2124 arena
1582 2067 1649 2123 et
1678 2058 1941 2123 leonum
1973 2079 2090 2123 ora
2120 2061 2502 2143 inspargere
2547 2058 2710 2123 illo:

500 2168 818 2246 tantaque
851 2168 957 2226 est
986 2162 1091 2226 vis
1120 2162 1184 2225 in
1217 2160 1721 2242 astringendo‚¹⁸
1756 2168 1828 2225 ut
1856 2180 1986 2224 nou
2017 2170 2267 2244 queant
2298 2161 2623 2225 mordere.

593 2280 809 2328 xxxl
822 2280 907 2328 11.
939 2260 1182 2347 (xm.)
1226 2262 1604 2326 Etiamnum
1633 2263 1704 2325 in
1734 2264 1985 2326 aerariis
2005 2271 2031 2298 ⁸
2060 2262 2523 2345 reperiuntur‚¹
2557 2280 2709 2344 quae

500 2375 752 2432 vocant
772 2372 796 2402 ²
825 2360 1342 2450 pompholygem
1370 2369 1440 2427 et
1467 2361 1787 2446 spodon.b
1868 2362 2284 2442 Differentia,
2313 2363 2490 2448 quod
2523 2380 2712 2445 pom-

1421 2542 1785 2566 OO‘OOOOWOO

499 2647 533 2694 9
569 2643 699 2693 Cod·
726 2645 908 2695 Dalec
928 2648 1213 2696 usum—10
1249 2644 1373 2694 Vet.
1407 2644 1589 2694 Delec.
1624 2651 1710 2695 aut
1728 2648 1782 2695 in
1819 2648 1987 2696 mulsa.
1990 2648 2118 2693 -11
2155 2644 2383 2693 Gronov.
2414 2650 2470 2692 et
2493 2644 2562 2693 al.
2589 2651 2712 2694 ante

500 2709 764 2759 Hardnin.
788 2710 1048 2771 dolorique,
1069 2723 1153 2757 nec
1172 2724 1268 2757 non
1290 2713 1338 2758 et
1368 2709 1590 2771 caligini.
1594 2714 1722 2760 -12
1758 2711 1888 2760 Cod.
1916 2711 2101 2760 Dalec.
2121 2710 2307 2768 fracta.
2377 2709 2499 2757 Cum
2531 2711 2712 2758 semine

499 2773 774 2838 hyoscyami
792 2775 1051 2836 mpenait.
1054 2776 1180 2821 -13
1217 2772 1302 2822 lta
1326 2773 1480 2822 codd.
1514 2775 1770 2823 Harduini
1803 2783 1857 2824 et
1884 2776 2065 2824 Dalec.
2089 2788 2206 2822 cum
2229 2773 2349 2821 edd.
2373 2773 2634 2822 Harduin.
2662 2777 2712 2821 1.

498 2841 549 2886 2.
575 2841 624 2886 3.
649 2847 706 2886 et
730 2845 953 2886 recentt.
995 2838 1193 2886 vulnera
1217 2837 1448 2887 Gronov.
1473 2846 1530 2888 et
1556 2841 1729 2903 vulgg.
1732 2843 1859 2890 -14
1877 2839 2074 2888 Attouit
2097 2839 2218 2887 Vet.
2246 2839 2428 2887 Dalec.
2432 2842 2558 2886 -15
2586 2839 2713 2887 Vet.

502 2901 690 2952 Dalec.
713 2903 962 2951 tollendos.
1032 2902 1163 2957 Quos
1182 2916 1246 2950 ex
1277 2917 1347 2951 eo.
1350 2905 1481 2951 -16
1518 2903 1603 2953 Ita
1641 2918 1706 2953 ex
1735 2903 1890 2953 codd.
1931 2902 2232 2951 Harduiuus
2268 2908 2323 2950 et
2361 2910 2585 2951 receutt.
2646 2903 2715 2950 Et

494 2981 679 3029 grav..
734 2967 1031 3031 .inapiratur
1047 2968 1280 3017 Gronov.
1300 2973 1355 3016 et
1379 2968 1552 3029 vulgg.
1594 2982 1683 3030 per
1700 2968 1939 3032 fistulam,
1954 2971 2035 3029 &c-
2054 2968 2181 3015 Vet.
2199 2967 2508 3015 Belem—1⁷
2536 2966 2625 3015 Ita
2643 2980 2712 3014 ex

498 3031 656 3081 codd.
675 3031 972 3080 Harduinus
991 3039 1045 3080 et
1063 3038 1287 3080 receutt
1322 3036 1370 3080 et
1391 3031 1546 3093 tingit
1562 3032 1680 3081 cod.
1699 3034 1886 3082 Daiec.
1927 3038 1975 3081 et
1994 3032 2194 3092 stringit
2209 3031 2444 3080 Gronov.
2461 3037 2517 3080 et
2533 3032 2711 3094 vulgg.

497 3099 631 3144 -18
665 3096 796 3145 Cod.
820 3097 1001 3146 Dalec.
1024 3096 1318 3158 impar-gere,
1340 3096 1505 3158 illique
1526 3101 1665 3164 tanta
1685 3098 1763 3145 vis
1781 3102 1852 3146 est
1873 3096 2189 3157 astringendi.

564 3160 1023 3210 CAP.xxx111.1
1062 3157 1231 3210 chiffl.
1271 3160 1437 3209 Etiam
1456 3176 1582 3210 nanc
1599 3161 1651 3211 iu
1671 3162 1862 3210 ‹er-ariis
1884 3163 2140 3224 reperiunt.
2145 3163 2239 3208 -2
2274 3158 2358 3208 Ita
2379 3157 2535 3207 codd.
2568 3157 2711 3207 Har-

500 3222 644 3274 duiui
667 3232 724 3275 et
759 3227 949 3275 Dalec.
972 3239 1088 3275 cum
1114 3225 1231 3274 edd.
1269 3224 1529 3275 Harduin.
1555 3229 1602 3276 1.
1622 3229 1674 3275 2.
1694 3230 1744 3276 3.
1767 3234 1822 3276 et
1846 3233 2072 3275 receutt.
2119 3238 2253 3287 quem
2282 3228 2451 3274 uocant
2474 3224 2709 3274 Gronov.

1495 3404 1715 3457 NOTA-3

499 3517 660 3569 salem
680 3515 816 3566 dixit
838 3522 994 3566 antea
1015 3515 1130 3565 fieri
1153 3528 1311 3567 xxxi.
1330 3521 1411 3568 39.
1428 3532 1563 3582 aqua
1709 3525 1742 3551 w
1776 3518 2010 3567 Extrahit
2043 3516 2173 3580 ossa]
2207 3516 2391 3566 Diosc.
2421 3515 2508 3565 lib.
2536 3529 2574 3564 1.
2623 3516 2712 3564 Εὐ-

499 3604 529 3641 e
555 3592 728 3657 puteis
750 3593 803 3640 in
827 3592 1017 3641 salinas
1034 3592 1253 3655 ingesta.
1298 3592 1387 3642 Sic
1404 3595 1561 3642 etiam
1642 3610 1751 3656 πορ.
1787 3607 1835 3642 c.
1861 3596 1974 3643 166.
2005 3590 2196 3654 'Ardye
2224 3592 2265 3640 δ’
2295 3591 2446 3641 ὀστέα
2466 3590 2546 3640 καὶ
2569 3590 2715 3653 ἀφίσ-

497 3668 732 3718 Isidorus
764 3668 863 3718 loc.
888 3667 983 3716 cit.
1642 3684 1786 3727 mat.
1801 3666 2158 3732 ..χάλκανθον,
2175 3667 2263 3717 σὺν
2279 3666 2555 3729 ὑοσκυάμου
2572 3667 2715 3731 σπέρ-

418 3787 421 3790 ,
569 3747 588 3778 t
612 3743 855 3806 Statuitur]
888 3745 1069 3794 Dione.
1095 3758 1145 3792 v.
1170 3747 1285 3794 114.
1304 3744 1568 3806 Ἐλμινθας
1643 3763 1774 3808 ματι.

496 3819 731 3870 πλατείας
744 3819 923 3884 ἀναιρεῖ
940 3831 983 3873 <
999 3817 1061 3870 α’.
1083 3817 1229 3883 βάρος
1249 3820 1564 3883 teau-arwam-
1707 3831 1735 3856 ¹
1770 3821 2052 3885 Naperqae]
2087 3819 2328 3870 Totidem
2353 3819 2525 3869 verbis
2544 3819 2711 3869 Isido-

497 3912 598 3960 νον,
619 3895 651 3953 ἢ
673 3895 796 3945 κατὰ
813 3895 1009 3957 μέλιτος
1029 3895 1348 3958 ἐκπινόμενον.
1387 3948 1390 3951 ,
1467 3934 1474 3939 -
1644 3915 1732 3949 rus
1756 3899 1908 3962 Orig.
1933 3911 2050 3947 xvr.
2074 3901 2124 3946 2.

563 3978 585 4003 ¹¹
619 3973 841 4036 Pargat]
876 3973 1118 4025 Dioscor.
1141 3974 1360 4025 totidem
1388 3974 1564 4026 verbis
1708 3983 1733 4010 ⁸
1767 3974 2046 4023 Etiamnum
2077 3974 2133 4021 in
2151 3970 2364 4034 erariis]
2397 3970 2460 4020 Iu
2484 3969 2711 4022 fornaci-

495 4048 596 4098 loc·
618 4047 710 4097 cit·
1645 4050 1797 4112 bus,
1782 4065 1835 4099 ιιι
1858 4049 2043 4114 quibus
2066 4064 2136 4098 ωε
2160 4049 2346 4098 uritur.

516 4137 520 4140 ’
561 4130 587 4156 v
619 4124 868 4187 Μαίσων]
900 4124 1180 4177 Marcellus
1213 4127 1412 4191 Empir.
1442 4139 1489 4176 c.
1515 4131 1564 4176 8.
1709 4124 1734 4160 ὓ
1757 4123 2126 4188 Pomplwlygem
2147 4129 2197 4173 et
2210 4121 2416 4187 epodon]
2453 4121 2719 4187 nomme

498 4215 552 4264 p.
591 4204 673 4247 66.
739 4200 804 4249 Iu
842 4201 969 4250 Mss.
996 4215 1172 4263 porro,
1210 4203 1452 4255 scabritia·
1486 4203 1563 4254 le·
1642 4201 1809 4251 levior
1831 4206 1930 4256 est,
1953 4200 2228 4263 evolatque
2252 4198 2318 4248 ud
2339 4197 2585 4261 fornices,
2603 4199 2714 4263 qui·

497 4275 683 4340 ximus,
705 4289 807 4328 nou
826 4275 1086 4329 scabritia.
1644 4278 1742 4330 bus
1789 4277 2045 4329 bullarum
2095 4277 2265 4328 instar
2319 4275 2708 4341 agglutinatur:
