3000 4917
838 433 1012 482 Nar.
1058 431 1256 483 rus'r.
1303 434 1448 484 mn.
1496 433 1823 487 xxxvn.
1867 422 1934 487 8.
2298 421 2475 490 4803

268 577 598 654 membra,
628 595 779 660 quse
807 577 878 641 in
905 576 1227 659 dolorem,
1257 579 1478 658 credo,
1510 581 1770 661 saeculi,
1800 580 2248 666 invidiamque
2269 583 2480 648 fortu-

269 681 439 756 nae,‘
465 684 783 762 tanquam
812 677 1184 746 Alexandri
1204 689 1230 726 ‘¹
1278 682 1515 764 Magni
1541 701 1806 765 corpuS,
1835 684 1905 748 in
1930 683 2307 748 conditorio
2335 705 2478 750 ser·

271 783 445 857 vari,
475 785 551 844 ut
581 786 1077 859 ostentarentur,
1120 783 1455 866 placebat.
1544 784 1627 848 T.
1661 786 2056 850 Petroniusr
2099 787 2478 852 consularis

271 882 662 960 morituru8‚
691 883 950 947 invidia
981 882 1277 948 Neronis
1305 885 1661 967 principis,
1701 890 1779 949 ut
1820 906 2125 951 mensam
2170 886 2316 971 ejus
2358 908 2482 953 ex-

271 985 701 1062 haeredaret,⁸
727 987 985 1051 trullam
1004 994 1026 1023 ⁸
1051 986 1459 1052 murrhinam
1491 989 1805 1052 trecentis
1837 987 2187 1053 talentis⁶‘
2232 992 2481 1053 emtam

264 1087 498 1169 fregit.
587 1087 724 1152 Sed
767 1088 972 1167 Nero,
1002 1095 1078 1153 ut
1108 1108 1232 1172 par
1264 1095 1406 1153 erat
1449 1089 1843 1174 principem,
1875 1090 2039 1155 vicit
2084 1098 2369 1165 omneS‚⁷
2415 1107 2481 1155 c.

273 1191 547 1256 talentis
579 1191 880 1275 capidem
900 1190 925 1230 ⁸
971 1210 1170 1255 unam
1191 1200 1221 1227 ¹¹
1263 1190 1583 1274 parando.
1673 1188 2118 1255 Memoranda
2170 1211 2274 1255 res
2314 1193 2481 1257 tanti

271 1293 747 1377 imperatorem
777 1300 1162 1377 patremque
1190 1295 1428 1378 patriae
1458 1293 1743 1357 bibisse.
2149 1270 2164 1291 ’

367 1411 537 1459 vm.
583 1395 820 1460 Oriens
847 1395 1222 1459 murrhina⁸
1258 1395 1483 1460 mittit.
1575 1394 2012 1459 Inveniuntur
2047 1395 2227 1458 enim
2271 1394 2368 1458 ibi
2413 1395 2483 1458 in

264 1542 275 1639 ἶ
339 1576 369 1611 ⁴
409 1578 478 1626 Ut
495 1578 673 1626 doleret
691 1593 900 1640 presens
918 1581 1155 1637 seculum,
1175 1578 1497 1643 invideretque
1512 1579 1732 1639 sortunae
1752 1578 2007 1643 superioris
2025 1578 2202 1628 etatis.

345 1650 367 1674 θ
399 1641 603 1692 Hoeredi
623 1644 854 1703 auferret.

1206 1737 1572 1759 metmeeee

286 1850 408 1900 Vidi
428 1855 543 1901 tanc
560 1868 606 1902 a.
626 1868 674 1901 u.
696 1868 736 1900 s.
755 1851 929 1913 fracti,
950 1855 1034 1915 &m
1061 1851 1177 1903 cod.
1203 1855 1484 1905 Dalec.—6
1517 1853 1534 1882 ‘
1551 1853 1639 1904 Ita
1660 1854 1792 1903 Mss.
1810 1854 1939 1917 Reg.
1963 1857 2013 1903 2.
2036 1856 2085 1901 3.
2104 1857 2157 1902 5.
2179 1856 2228 1901 6.
2294 1850 2358 1900 In
2380 1851 2492 1900 Ms.

279 1916 580 1966 vindobon.
603 1917 836 1968 sestertiis
855 1916 1094 1966 trecentis.
1161 1919 1226 1967 In
1248 1920 1376 1969 Mss.
1399 1918 1729 1969 Ambrosian.
1756 1918 1909 1968 CCC.
1931 1917 2073 1967 H-S.
2139 1914 2295 1965 Unde
2315 1929 2486 1966 emen·

280 1995 430 2045 davit
453 1996 532 2046 Cl.
559 1997 880 2047 Rezzonicus
920 2001 1072 2049 CCC.
1110 1999 1251 2049 H-S.
1288 2006 1345 2049 et
1383 1999 1618 2064 explicat
1654 2004 1865 2048 tercenta
1885 1998 2038 2047 millia
2054 1996 2312 2054 sestertia3
2345 1994 2485 2059 quod

279 2060 466 2111 melius
489 2060 712 2111 dixisset
735 2065 1014 2113 trecenties
1035 2071 1258 2114 centena
1279 2064 1446 2113 millia
1480 2066 1799 2124 sestertium,
1823 2078 1912 2111 seu
1936 2062 2153 2112 Gallicae
2180 2069 2402 2110 moneta
2425 2060 2485 2107 li·

279 2125 408 2175 bras
428 2128 716 2182 5,836,507.
760 2128 1020 2178 Trecenta
1043 2130 1282 2179 sestertia
1304 2136 1427 2178 suut
1447 2129 1666 2178 Gallice
1689 2136 1908 2177 monetae
1933 2128 2077 2175 librae
2099 2127 2302 2183 58‚359.
2356 2124 2489 2173 Tre·

279 2197 438 2239 centa
459 2197 631 2239 autem
656 2191 851 2241 talenta
871 2201 992 2243 suut
1012 2193 1246 2257 ejusdem
1267 2200 1486 2242 monetae
1511 2193 1657 2242 librae
1684 2191 1984 2251 l.3⁷o‚626.’
2020 2188 2238 2238 Brotier.
2305 2194 2489 2238 trecen·

283 2255 352 2303 tis
387 2255 624 2304 sestertiis
661 2255 897 2306 Gronov.
929 2263 987 2307 et
1023 2259 1294 2321 vulgg.—⁷
1334 2259 1458 2306 Erat
1487 2257 1751 2319 principem
1779 2256 1965 2316 secere,
2007 2253 2124 2303 vieit
2160 2266 2318 2302 omnes
2358 2252 2484 2302 Vet.

283 2319 472 2368 Dalec.
522 2324 644 2379 erat,
661 2321 898 2384 principes
917 2323 1032 2371 vicit
1055 2337 1214 2372 omnes
1237 2324 1305 2378 al,
1326 2336 1409 2384 ap.
1431 2321 1768 2370 eundem—8
1788 2325 1804 2348 ‘
1829 2322 1914 2370 lta
1935 2321 2067 2369 Mss.
2090 2318 2217 2378 Reg.
2239 2321 2288 2364 2.
2305 2321 2352 2364 8.
2369 2322 2417 2366 5.
2434 2320 2486 2366 6.

286 2383 354 2432 In
381 2383 627 2433 Editioue
652 2386 886 2449 principe
913 2387 971 2435 0.
991 2386 1076 2436 lib.
1121 2387 1185 2436 In
1208 2387 1313 2437 Ma.
1340 2386 1669 2436 Ambrosiau.
1692 2388 1741 2434 2.
1770 2386 1830 2433 0.
1854 2385 2104 2434 sestertiis.
2152 2382 2215 2430 Iu
2242 2381 2487 2430 Ms.Viu-

291 2462 485 2514 debon.
517 2465 879 2528 quadringentis
914 2466 1170 2517 sestertiis.
1251 2467 1332 2516 Cl.
1370 2465 1691 2515 Rezzonicus
1745 2465 2042 2515 emendavit
2087 2467 2288 2515 CCCC.
2347 2462 2487 2513 H-S.

1282 2611 1507 2662 NOTAE

356 2714 383 2747 ¹¹
416 2704 711 2769 Alexandri]
765 2713 781 2738 ‘
814 2707 998 2772 Magni
1062 2706 1351 2758 Alexandri

285 2783 559 2832 thoracem
591 2783 903 2846 repetitum'
940 2799 971 2833 a
1008 2785 1248 2848 Caligula
1281 2792 1296 2814 ⁸
1319 2800 1351 2834 e

286 2856 581 2909 conditorio
605 2857 753 2920 ejus‚’
790 2858 970 2908 scribit
1006 2860 1354 2924 Tranquillus,

287 2947 338 2983 c.
362 2937 445 2981 62.
463 2932 517 2981 in
537 2932 684 2983 Caio.
719 2934 840 2984 Fuit
857 2935 986 2983 illud
1002 2934 1350 2993 Alexandriae,

288 3023 504 3058 aureum
520 3010 699 3072 primo,
715 3025 833 3059 mox
851 3011 1213 3069 vitreum,cum
1234 3012 1352 3061 sub·

287 3085 455 3133 latum
480 3082 622 3134 furto
645 3100 823 3135 aurum
843 3085 1047 3138 fuisset.
1105 3088 1292 3137 Strabo
1314 3087 1350 3136 1.

199 3182 211 3191 ·
291 3173 437 3209 xvu.
464 3174 515 3222 p.
539 3163 654 3210 794.

354 3242 379 3268 ¹·
415 3236 473 3284 T.
497 3235 778 3300 Petronius]
811 3236 986 3286 Titum
1007 3251 1208 3302 quoque
1229 3236 1353 3285 Plu-

293 3311 505 3360 tarchus
524 3313 778 3375 appellat,
795 3312 861 3363 de
877 3313 1193 3364 Discrimine
1212 3312 1353 3362 Adu-

289 3386 478 3448 latoris
515 3386 572 3435 e't
605 3385 812 3437 Amici:
868 3388 956 3437 ubi
989 3389 1355 3452 exprobratam

293 3461 361 3511 ab
377 3477 443 3512 eo
464 3462 661 3511 Neroni
681 3464 987 3514 tenuitatem
1009 3479 1070 3513 ac
1087 3464 1260 3513 sordes
1279 3479 1356 3513 re·

292 3539 422 3589 sert.
475 3539 655 3589 Caium
690 3539 902 3589 Tacitus
937 3554 1039 3589 non
1072 3540 1233 3589 semel
1266 3555 1355 3602 ap-

294 3614 497 3678 pellat:
533 3615 769 3678 inprimis
806 3615 993 3665 Annal.
1020 3629 1139 3665 xvr.
1166 3631 1218 3679 p.
1241 3619 1356 3666 271.

295 3689 387 3739 ubi
410 3689 481 3739 de
501 3690 600 3739 hoc
624 3691 738 3754 ipso
759 3692 898 3755 loqui
933 3707 1069 3755 eum,
1092 3691 1158 3740 de
1180 3708 1279 3757 quo
1302 3700 1358 3742 et

295 3766 503 3816 Plinius
523 3768 649 3832 agit,
671 3783 755 3816 res
780 3769 889 3832 ipsa
909 3766 1100 3816 indicio
1115 3774 1213 3817 est.
1269 3767 1354 3817 Ibi

297 3842 590 3892 Proconsul
655 3844 934 3908 Bithyniae,
986 3857 1107 3892 mox
1151 3843 1358 3904 Consul,

299 3919 423 3969 dein
458 3921 724 3970 revolutus
750 3922 816 3971 ad
838 3922 980 3978 vitia,
1001 3935 1092 3970 seu
1114 3921 1357 3969 vitiorum

295 3997 666 4063 imitationem,
705 3999 843 4049 inter
881 3990 1071 4063 paucos
1099 3996 1361 4046 familiari·

283 4088 384 4141 pm
408 4083 668 4124 assumtus
694 4090 722 4122 a
746 4076 960 4125 Nerone
982 4074 1189 4123 dicitur.
1223 4074 1290 4122 Et
1310 4089 1361 4136 p.

298 4150 468 4198 272st
499 4150 732 4213 Flagitia
756 4150 1005 4215 principis
1029 4150 1122 4199 sub
1145 4149 1363 4199 nomini·

298 4225 395 4274 bns
417 4226 741 4275 exoletorum
766 4224 1185 4291 foeminarumque
1203 4232 1258 4274 et
1275 4239 1365 4274 no·

305 4302 467 4352 vitate
493 4302 748 4367 cujusque
765 4303 931 4367 stupri
957 4302 1277 4368 perscripsit,
1291 4307 1366 4350 at-

1433 2721 1535 2771 que
1581 2706 1860 2771 obsignata
1918 2705 2062 2756 misit
2112 2704 2351 2761 Neroni,’
2390 2705 2490 2755 διο.

1432 2782 1630 2834 Quibus
1657 2783 1829 2831 verbis
1863 2796 1995 2845 opus
2017 2781 2143 2831 illud
2168 2779 2359 2844 signari
2383 2781 2494 2844 qui-

1432 2863 1549 2910 dam
1588 2860 1925 2917 arbitrantur,
1960 2859 2094 2924 quod
2125 2858 2362 2908 Petronii
2396 2856 2497 2906 Ar·

1432 2936 1556 2985 bitri
1595 2935 1874 2998 Satyricon
1917 2933 2245 2997 appellatur:
2304 2930 2493 2996 quibus

1434 3026 1540 3060 non
1561 3024 1656 3073 ego
1674 3010 1935 3059 credulus.

1498 3095 1518 3119 ⁸
1553 3085 1788 3147 Tnalam]
1820 3084 2049 3134 Trullam
2065 3084 2248 3147 glossar
2268 3079 2494 3145 χέρνιβον

1434 3168 1481 3213 et
1493 3161 1796 3225 αφιίηιὶηαιε,
1813 3175 1905 3209 seu
1923 3160 2218 3224 pollubrum
2237 3159 2494 3222 interpre-

1435 3246 1632 3299 tantur,
1649 3252 1713 3286 im
1731 3237 1888 3285 bassin
1904 3239 1935 3285 ὰ
1959 3238 2106 3285 laver.

1500 3316 1519 3348 ²
1552 3313 1791 3363 stecentis
1808 3311 2026 3375 talentis]
2048 3312 2135 3361 Sic
2150 3311 2280 3361 Mes.
2297 3325 2496 3363 omnes.

1435 3391 1665 3439 Monetae
1709 3389 1929 3439 Gallicae
1974 3386 2158 3438 floreni
2200 3402 2290 3437 seu
2342 3387 2495 3437 libroe

1434 3473 1574 3522 sunt,
1594 3469 1807 3515 720000.
1860 3464 2045 3514 Attica
2081 3464 2282 3513 talenta
2302 3464 2496 3527 ubique

1436 3543 1774 3605 interpretor.
1828 3541 1975 3591 Libri
1998 3541 2246 3591 hactenus
2268 3540 2419 3602 editi,
2441 3545 2496 3588 et

1435 3619 1536 3667 boc
1557 3619 1689 3678 loco,
1712 3623 1767 3666 et
1788 3631 1852 3666 eo
1875 3617 1962 3681 qui
1986 3617 2218 3679 proxime
2239 3615 2494 3678 sequitur,

1435 3692 1661 3761 (recentis
1694 3691 1930 3741 sestertiis
1964 3692 2160 3754 legunt,
2196 3690 2333 3738 nullo
2369 3688 2495 3739 asti·

1436 3773 1650 3835 putante
1675 3775 1851 3818 vetere
1877 3768 2178 3831 exemplari.

1503 3854 1527 3880 ¹¹
1564 3846 1789 3908 Capidem
1809 3845 1974 3908 unam]
2026 3843 2184 3906 Capis
2218 3856 2380 3907 genus
2412 3849 2497 3893 est

1440 3922 1614 3986 poculi
1656 3935 1687 3969 a
1735 3919 1988 3982 capiendo
2030 3919 2244 3981 dictum,
2283 3926 2497 3968 auctore

1442 4000 1617 4048 Festo.
1682 3996 1859 4045 Livius
1884 3997 1918 4046 l.
1942 4009 1999 4044 x.
2038 4002 2052 4023 ‘
2073 3996 2202 4045 Cum
2220 3995 2406 4059 capide
2432 4009 2496 4045 ac

1441 4074 1571 4123 lituo
1594 4072 1769 4135 capite
1799 4071 1988 4134 velato,
2011 4071 2268 4121 victimam
2293 4070 2500 4121 caedat-⁸

1445 4150 1510 4199 In
1533 4149 1659 4197 Mss.
1669 4146 1922 4208 jaspidem,
1942 4146 2032 4194 sed
2057 4147 2319 4196 mendose.

1511 4230 1536 4257 ⁸
1572 4222 1747 4272 Oriens
1766 4222 2035 4284 mur-rhina]
2070 4221 2390 4271 Glossarium
2407 4235 2498 4287 ye-

1447 4306 1531 4350 tus
1572 4297 2039 4350 Latino·Gallicum
2078 4298 2338 4348 murrhina
2375 4309 2497 4347 vasa
