3000 4917
817 376 996 425 Nn.
1041 376 1239 424 misr.
1291 376 1433 424 mn.
1479 374 1770 423 xxxiv.
1814 356 1920 422 18.
2298 358 2474 454 4446

267 519 544 604 Jacensv
584 535 860 603 quoque
906 520 1233 585 miraculo
1286 526 1415 583 est.
1508 518 1725 582 Pauci
1776 518 2089 601 pollicem
2135 516 2284 600 ejus
2333 536 2488 612 am(

274 625 675 707 plectuntur.
765 621 1066 706 Majores
1099 629 1257 687 sunt
1296 621 1516 702 digiti,
1558 639 1764 704 quam
1811 620 2151 703 pleraeque
2197 621 2472 704 statuae.

272 723 473 788 Vasti
525 742 780 806 specus
820 722 1005 787 hiant
1045 721 1406 787 defractis⁷
1436 721 1770 786 membris.
1857 720 2259 804 spectantur
2295 718 2491 798 intus1

271 843 539 906 magnae
567 823 772 888 molis
815 843 1008 900 saxa,
1053 843 1334 906 quorum
1378 821 1666 905 pondere
1716 818 2166 886 stabiliverat⁸
2216 822 2473 883 consti-

276 931 493 988 tueuS.
586 925 963 989 Duodecim
1017 925 1211 988 annis
1269 923 1532 989 tradunt
1574 923 1871 987 effectum
1924 938 2081 988 coo·
2132 921 2489 997 talentisff

273 1046 425 1109 quae
471 1026 900 1092 contulerant
931 1046 1021 1091 ex
1053 1030 1380 1110 apparatu
1426 1025 1596 1107 regis
1640 1024 1963 1089 Demetrii
1994 1023 2241 1099 relicto,
2270 1041 2474 1087 morae

271 1129 539 1194 taedio.⁹
558 1138 585 1164 ¹
658 1128 828 1193 Sunt
850 1129 969 1192 alii
1001 1125 1289 1193 minores
1317 1129 1447 1192 hoc
1475 1127 1547 1189 in
1578 1127 1815 1192 eadem
1845 1126 2007 1190 urbe
2035 1123 2289 1190 colossi
2317 1144 2476 1188 cen-

270 1234 412 1291 tum
432 1237 463 1274 s
490 1240 805 1293 nume'ro:
853 1228 977 1293 sed
1005 1229 1412 1312 ubicumque
1445 1227 1686 1308 singuli
1717 1228 2028 1302 fuissent,
2059 1225 2474 1292 nobilitaturi

267 1330 525 1394 locum.
613 1329 999 1413 Praeterque
1037 1331 1166 1394 hos
1223 1330 1512 1394 Deorum
1544 1330 1858 1413 quinque,
1889 1347 2066 1411 quos
2095 1326 2266 1394 -fecit
2304 1327 2475 1409 Bry-

271 1430 481 1494 axis?
531 1431 906 1498 Factitavit
935 1432 1246 1494 colossos
1276 1436 1342 1493 et
1369 1430 1597 1493 Italia.
1640 1428 1977 1494 Videmus
2008 1434 2189 1494 certe
2220 1428 2476 1492 Tusca-

267 1533 496 1595 uicum
530 1531 930 1613 Apollinem
960 1532 1032 1595 in
1063 1532 1474 1597 bibliotheca
1520 1533 1754 1614 templi
1783 1532 2116 1613 Augusti?
2145 1515 2492 1613 quinqua?

266 1634 457 1714 ginta
483 1632 728 1715 pedum
751 1641 806 1671 ¹0
833 1652 876 1697 a
905 1634 1174 1716 pollice,
1205 1629 1476 1697 dubium
1520 1653 1649 1697 aere
1689 1632 2180 1711 mirabiliorem,
2211 1650 2295 1693 an
2327 1629 2477 1713 pul-

268 1734 624 1798 critudine.
714 1735 912 1799 Fecit
942 1741 1009 1799 et
1038 1736 1160 1819 Sp.
1183 1734 1519 1801 Carvilius
1538 1733 1565 1771 b
1591 1733 1636 1798 J
1641 1754 1857 1809 ovem,
1892 1733 2010 1817 qui
2040 1739 2143 1796 est
2172 1734 2239 1796 in
2271 1730 2476 1813 Capi·

269 1835 464 1913 tolio‚'
497 1827 703 1901 victis
735 1836 1144 1901 Samnitibus
1177 1842 1438 1902 sacrata
1478 1837 1665 1918 legec
1709 1834 2178 1917 pugnantibus»,
2225 1853 2262 1896 e
2318 1851 2474 1914 pec-

1193 2013 1555 2037 ΜΜΟΟ

266 2130 494 2180 molienda·
531 2131 600 2181 al.
642 2138 763 2180 ante
802 2132 1129 2182 Brotier.-6
1162 2131 1380 2196 Lyndias
1411 2131 1739 2181 Granum—⁷
1772 2131 1894 2179 Vet.
1926 2130 2105 2179 Dalec.
2150 2128 2478 2192 diffractis.—

268 2198 298 2242 8
331 2195 467 2245 Cod.
493 2197 679 2245 Dalec.
706 2196 828 2245 illud
847 2197 1258 2246 “abstinerem—9
1289 2197 1408 2243 Vet.
1440 2197 1620 2243 Dalec.
1672 2194 1815 2242 loedio
1836 2195 2019 2242 obsessa
2044 2192 2359 2241 lunatim—10
2390 2192 2477 2241 lta

267 2271 331 2308 ex
355 2260 516 2309 codd.
540 2259 843 2309 Harduinus
866 2269 922 2310 et
946 2266 1170 2310 recentt.
1216 2260 1486 2322 Apollinem
1517 2261 1570 2307 in
1608 2258 1886 2307 bibliotheca
1924 2257 2087 2319 templi
2119 2256 2334 2318 Augusti
2359 2257 2476 2306 'fils-

1268 2390 1484 2440 NOTAE

268 2483 448 2534 tertio.
534 2481 762 2534 Ruinam
807 2486 858 2534 in
904 2485 1177 2549 septimum
1221 2491 1342 2550 post

269 2574 462 2609 annum
509 2559 691 2611 differt
734 2561 986 2625 Polybius
1026 2561 1117 2609 lib.
1156 2577 1204 2611 v.
1245 2562 1340 2611 hoc

268 2642 365 2697 est,
401 2637 457 2684 iu
495 2636 826 2700 Olympiadis
867 2650 985 2686 xm.
1016 2651 1202 2687 anuum
1237 2638 1340 2703 pri·

269 2719 431 2760 mum.

332 2795 357 2819 v
393 2788 498 2836 Sed
525 2786 723 2848 jacens]
765 2788 946 2838 Jacuit
988 2787 1153 2854 ferme
1194 2789 1341 2839 annis

270 2864 595 2927 nongentis:
645 2864 811 2912 donec
842 2880 976 2913 anno
1013 2873 1130 2928 post
1168 2866 1339 2915 Chris·

272 2947 381 2988 tum
442 2946 629 2988 natum
688 2952 880 2990 nemu.
966 2942 1340 2991 Saracenorum

270 3027 365 3063 rex
397 3014 638 3071 Mauris,
656 3022 811 3079 capta
832 3017 1036 3078 Rhodo,
1059 3018 1338 3066 mercatori

269 3090 477 3139 cuidam
506 3090 759 3141 vendidit.
812 3090 1017 3142 Auctor
1038 3099 1120 3142 est
1145 3091 1338 3141 Cedre-

269 3177 365 3213 nus
418 3173 715 3227 nongentos
759 3169 982 3217 camelos
1033 3167 1337 3233 fragmentis

267 3240 611 3302 asportandis
631 3241 717 3291 vix
741 3257 892 3304 pares
913 3240 1091 3293 fnisse.
1190 3235 1196 3239 ’

333 3324 369 3349 ¹¹
406 3317 571 3365 CCC.
603 3318 820 3381 talentis]
857 3318 1051 3368 Atticis
1086 3318 1340 3368 nimirum.

271 3391 509 3440 Moneta.
535 3391 755 3441 Gallicae
781 3392 1213 3458 librasqefficiunt,
1231 3395 1341 3444 sive

268 3464 517 3520 florenos.
548 3470 763 3516 720000.

333 3549 361 3578 ¹
399 3543 615 3599 Relicto,
627 3558 773 3595 moroe
786 3545 955 3610 ladio]
992 3546 1054 3595 In
1074 3546 1270 3609 Reg.2.
1289 3551 1343 3594 et

270 3619 404 3683 aliis,
428 3620 600 3669 relicto
620 3636 761 3669 mora
780 3622 924 3670 toedio
940 3622 1094 3671 obesse
1108 3638 1140 3671 u
1157 3623 1344 3672 Rhodo.

269 3698 455 3758 Forte,
465 3698 638 3748 relicta
650 3713 794 3747 morae
807 3698 949 3749 t'oedio
960 3699 1145 3750 obsessa
1160 3701 1344 3750 Rhodo.

267 3773 500 3823 solvisse
526 3775 847 3823 Demetrium
865 3775 1182 3826 obsidionem
1203 3765 1346 3840 Rho.

269 3850 344 3909 di,
364 3847 585 3899 foederis
608 3851 806 3913 specie,
824 3857 1005 3899 attctor
1026 3857 1108 3900 est
1131 3852 1342 3901 Plutar-

269 3925 420 3982 ebus,
442 3925 496 3973 in
535 3924 647 3987 ejus
680 3924 809 3986 vita,
832 3941 947 3989 pag.
969 3930 1084 3978 899.
1153 3929 1340 3976 Deme·

267 4000 403 4049 rrius
461 4000 507 4049 is
563 4000 895 4050 Poliorcetes
949 4000 1069 4057 fuit,
1100 4002 1342 4065 'primum

268 4075 435 4131 Asiae,
457 4090 581 4125 mox
605 4082 663 4124 et
683 4075 1012 4125 Macedoniae
1039 4091 1148 4125 rex.

336 4155 358 4191 5
391 4150 522 4200 Sunt
542 4149 635 4200 alii
659 4185 673 4200 .
699 4179 717 4198 .
742 4186 756 4199 .
784 4186 797 4200 .
821 4153 985 4202 colossi
1012 4153 1227 4218 centum]
1257 4154 1344 4204 Sic

268 4223 505 4275 Isidorus
530 4225 685 4291 Orig.
708 4240 833 4276 xiv.
857 4231 906 4277 6.

1421 2637 1660 2692 Clemens
1714 2637 1865 2687 Alex.
1916 2637 2188 2700 Protrept.
2236 2650 2351 2700 pag.
2394 2638 2478 2686 31.

1422 2713 1692 2762 Laudatur
1735 2720 1791 2763 et
1834 2728 1866 2762 a
1904 2713 2189 2762 Columella
2227 2713 2279 2762 in
2317 2709 2480 2762 Praef.

1424 2803 1540 2852 pag.
1567 2792 1647 2837 10.
1932 2816 1948 2828 ·

1483 2872 1510 2899 ⁸
1544 2866 1725 2928 Templi
1758 2864 1992 2929 Augusti]
2028 2865 2238 2927 Templi·
2268 2862 2334 2913 ab
2369 2862 2477 2914 Au·

1421 2945 1573 3003 gusto
1605 2940 1821 3003 conditi,
1841 2940 1977 3006 quod
2007 2935 2234 3002 Apollini
2272 2939 2481 2988 dedica-

1419 3017 1513 3064 vit.
1580 3017 1854 3065 Suetonius
1888 3016 1939 3064 in
1975 3015 2231 3078 Augusto,
2260 3029 2374 3076 esp.
2396 3020 2481 3065 29.

1420 3097 1436 3120 ⁸
1457 3092 1728 3155 Templum
1754 3091 2010 3156 Apollinis
2034 3091 2086 3140 in
2109 3105 2173 3139 ea
2189 3089 2345 3153 barte
2378 3081 2479 3140 Pa-

1422 3170 1596 3217 latina²
1616 3169 1793 3217 domus
1808 3168 2079 3228 excitavit,
2094 3179 2243 3231 quam
2264 3166 2482 3216 fulmine

1418 3244 1576 3295 ictam
1598 3244 1878 3293 desiderari
1897 3260 1928 3292 a
1944 3246 2061 3295 Deo
2080 3244 2345 3307 aruspices
2364 3258 2483 3307 pro-

1422 3321 1740 3370 nuntiarent.
1784 3321 1979 3371 Addita
1994 3321 2226 3385 porticus
2238 3335 2353 3370 cum
2369 3320 2482 3371 bib-

1423 3398 1651 3447 liotheca
1676 3398 1859 3446 Latina
1879 3396 2203 3461 Graecsque,’
2225 3401 2324 3448 ὅτε.

1495 3472 1521 3506 ¹³
1549 3473 1634 3536 Sp.
1672 3473 1936 3536 Carvilius]
1974 3473 2187 3536 Spurius
2225 3472 2480 3522 Carvilius

1423 3550 1686 3599 Maximus
1711 3550 2029 3598 AEdilitatem
2067 3548 2296 3596 curulem
2320 3547 2478 3608 adep·

1427 3633 1509 3673 tus
1546 3633 1645 3688 est,
1679 3633 1735 3673 et
1768 3624 1975 3673 cum-L.
2009 3624 2220 3687 Papirio
2252 3624 2481 3671 Cursore

1423 3700 1554 3749 duos
1596 3701 1903 3750 Consulatus
1943 3700 2117 3762 gessit,
2157 3698 2480 3763 totidemque

1422 3778 1535 3841 egit
1566 3777 1867 3840 triumphos.
1933 3774 2219 3824 AEdilitstis
2249 3774 2483 3824 meminit

1424 3853 1598 3903 Livius
1621 3852 1710 3902 lib.
1735 3866 1794 3902 x.
1818 3866 1937 3915 pag.
1963 3853 2075 3899 1⁷3.
2105 3849 2168 3899 ad
2201 3849 2360 3899 Urbis
2392 3864 2481 3898 an-

1423 3943 1543 3977 num
1568 3941 1784 3977 ccccnv.
1848 3926 2117 3988 Triumphi
2152 3925 2217 3975 de
2244 3925 2483 3975 Samniti·-

1422 4002 1537 4064 bns,
1561 4003 1699 4051 idem
1735 4015 1851 4066 pag.
1877 4003 1987 4051 187.
2012 4001 2110 4049 sub
2142 3999 2260 4049 libri
2294 3999 2504 4072 decimi¹

1424 4076 1597 4126 finem.
2399 4095 2408 4102 ·

1486 4159 1509 4185 0
1542 4150 1743 4200 Sacrata
1768 4151 1893 4215 lege]
1925 4151 2160 4203 Quodam
2193 4161 2483 4200 sacramen·

1424 4237 1480 4277 to
1514 4229 1728 4279 initiatis
1770 4228 2039 4280 militibus.
2107 4229 2283 4279 Livius
2321 4228 2387 4277 de
2420 4239 2484 4277 eo
