3000 4917
469 401 647 466 4436

471 560 676 626 diano
720 557 985 634 tribus,iz
1024 563 1101 622 'ut
1147 555 1500 634 diximus,¹²
1543 556 1948 638 easdemque
2003 556 2390 621 subvertere
2446 554 2708 640 Synae‘

467 659 764 724 introitu.
2313 675 2318 684 ·

556 777 732 825 x111.
777 756 1169 825 Pedestresi
1199 760 1345 826 sine
1381 759 1590 824 dubio
1628 759 1874 824 Romae
1917 759 2102 825 fuere
2143 759 2216 824 in
2251 759 2660 824 auctoritate

464 863 666 944 longo
704 868 1023 945 tempore.
1112 861 1534 945 Equestrium
1583 867 1801 925 tamen
1852 863 2044 943 origo
2093 879 2412 944 perquam
2461 869 2661 927 vetus

465 970 593 1040 est,
641 983 793 1028 cum
843 962 1134 1028 foeminis
1189 964 1394 1027 etiam
1448 963 1694 1026 honore
1766 963 2282 1027 communicato.
2350 962 2658 1031 ,Cloeliae

463 1063 673 1130 enimj
703 1071 926 1130 statua
953 1071 1055 1129 est
1079 1066 1435 1148 equestris,
1453 1085 1577 1129 ceu
1601 1083 1844 1147 parum
1870 1075 2053 1158 esset
2080 1072 2240 1146 toga
2264 1084 2413 1129 eam
2440 1065 2621 1146 cingi
2637 1084 2659 1129 τ

464 1184 616 1231 eum
666 1166 1029 1244 Lucretiae,
1079 1185 1160 1232 ac
1211 1168 1446 1243 Bruto,
1498 1168 1615 1250 qui
1671 1168 2070 1250 expulerant
2116 1187 2327 1249 regeS,
2383 1171 2661 1247 propter

463 1284 635 1349 quos
662 1265 904 1332 Cloelia
934 1269 1100 1331 inter
1128 1268 1399 1332 obsides
1430 1268 1668 1344 fuerat,
1699 1287 1827 1331 nou
1859 1268 2372 1333 decernerentur.
2450 1267 2658 1332 Hanc

446 1367 741 1448 primam
791 1386 943 1431 cum
983 1367 1262 1436 Coclitis
1283 1380 1302 1407 ¹
1326 1365 1351 1403 ¹¹
1384 1368 1649 1452 publice
1688 1367 1976 1434 dicatam
2007 1369 2434 1434 crediderim:
2480 1366 2660 1431 Atto

462 1465 670 1531 enim¹
702 1487 786 1534 ac
814 1470 1096 1552 Sibyuae
1125 1470 1587 1554 Tarquinium,
1630 1477 1697 1535 et
1738 1490 1925 1554 reges
1968 1472 2096 1536 sibi
2123 1474 2315 1555 ipsos
2347 1469 2665 1553 posuisse

1202 416 1266 463 (5.
1313 407 1558 463 PL1N11
1610 414 1939 463 saeuum

1371 1633 1462 1653 Oe&
1466 1633 1740 1654 “0000‘ss

455 1734 684 1793 statuere,
716 1746 833 1793 quas
867 1746 980 1780 mox
1015 1733 1359 1791 moerorum,
1389 1735 1598 1782 nondam
1629 1749 1748 1782 enno
1786 1734 1838 1783 1⁸.
1876 1748 1925 1784 n.
1957 1736 2010 1782 d.
2043 1734 2311 1782 excedente.
2367 1731 2660 1780 Statuerat

457 1792 690 1842 Gronov.
710 1802 766 1843 et
792 1796 961 1858 vulgg.
1014 1811 1130 1859 quus
1148 1812 1258 1845 mox
1277 1797 1541 1847 lacinavere
1560 1800 1707 1847 malit
1732 1798 1851 1847 Nic.
1873 1797 2120 1847 Heinsius
2148 1797 2365 1846 Advers.
2392 1811 2440 1857 p.
2459 1799 2541 1845 42.

524 1857 657 1908 ΟΑΡ.
679 1870 807 1908 xut.
875 1863 898 1907 1
939 1861 1024 1909 lta
1043 1874 1108 1908 ex
1131 1861 1285 1910 codd.
1313 1861 1611 1911 Harduiuus
1632 1870 1687 1912 et
1720 1868 1945 1912 recentt.
2003 1862 2162 1917 Quum
2187 1875 2271 1909 nec
2291 1860 2549 1919 Lucretioe,
2570 1872 2658 1908 nec

456 1920 614 1970 Bruto
630 1925 957 1973 decerneretur
979 1955 993 1970 .
1015 1956 1030 1972 .
1055 1958 1070 1972 .
1096 1959 1110 1975 .
1134 1925 1277 1973 Hunc
1291 1926 1498 1988 primum
1529 1934 1577 1976 et
1602 1927 1806 1976 Horatii
1826 1926 2027 1977 Coclitis
2048 1926 2169 1976 edd.
2194 1933 2323 1975 vett.
2346 1934 2399 1974 et
2423 1923 2656 1972 GronoV.

1450 2072 1667 2123 NOTAE

452 2190 534 2227 ιι.
551 2185 606 2226 ct
622 2177 865 2228 La‘e‘rtius
883 2180 932 2228 in
951 2181 1222 2231 'Demetrio
1244 2182 1332 2233 lib.
1346 2198 1401 2232 v.
1421 2183 1516 2233 de·
1658 2183 1681 2218 Β
1717 2185 1837 2234 Cum
1861 2185 2080 2249 Coclitis]
2117 2183 2204 2233 Ita
2225 2183 2360 2245 Reg.
2385 2185 2435 2232 2.
2474 2186 2526 2229 et
2550 2180 2660 2229 alii.

443 2252 640 2318 jectas,
662 2252 1014 2319 conflatasque
1051 2257 1196 2305 aiunt
1219 2257 1271 2306 iu
1294 2259 1515 2308 matulas
1590 2261 1675 2309 De
1730 2275 1795 2310 ea
1848 2262 2100 2324 superius,
2143 2274 2260 2322 cap.
2308 2259 2492 2308 11.—‘
2522 2258 2659 2306 Cum

452 2337 507 2378 et
529 2328 854 2378 obscoeniore
878 2344 1014 2381 vasa.

514 2414 541 2449 r
578 2406 772 2470 Tribus]
805 2408 1048 2458 Romanae
1074 2408 1255 2461 tribus.

514 2478 539 2512 ¹·
578 2480 648 2529 Ut
668 2480 899 2545 diximus]
936 2484 1051 2532 Lib.
1076 2498 1297 2534 xxxin·
1325 2501 1373 2535 c.
1394 2490 1477 2536 46.

515 2555 531 2587 ¹
556 2555 837 2619 Pedestres]
887 2558 1095 2609 Romuli
1117 2566 1305 2611 statnae
1329 2563 1513 2626 pedes-

449 2635 556 2678 tres
577 2644 776 2692 omues,
799 2631 966 2697 inquit
986 2632 1300 2685 Plutarchus
1321 2637 1372 2684 in
1396 2637 1510 2699 ejus

446 2704 592 2769 Vita,
614 2720 668 2768 p.
686 2709 769 2754 27.

509 2778 529 2823 ³
561 2781 740 2830 Cloelt’oe
773 2780 922 2845 enirn]
957 2781 1109 2831 Hauc
1145 2784 1372 2847 equestri
1406 2790 1513 2834 sta-

447 2863 539 2904 tua
591 2854 853 2914 donatam,
912 2857 1238 2921 positamque
1290 2874 1403 2909 eam
1457 2860 1512 2910 in

447 2945 646 2981 summa
684 2933 845 2982 Sacra
880 2933 1002 2995 Via,
1024 2948 1128 2998 qua
1160 2935 1215 2983 in
1249 2935 1511 2985 Palatium

443 3007 845 3072 ascendebatur,
883 3010 1060 3059 Livius
1100 3016 1180 3060 est
1217 3018 1422 3074 auctor,
1445 3024 1510 3063 ιι.

444 3087 528 3132 26.
577 3083 779 3133 Seneca
801 3084 868 3134 de
904 3086 1112 3135 Consol.
1152 3087 1219 3137 ad
1258 3088 1512 3139 Marciam

443 3171 492 3206 c.
520 3161 601 3206 16.
630 3173 683 3222 p.
699 3162 817 3209 774.
851 3166 866 3189 ⁸
886 3160 1131 3224 Equestri
1156 3162 1383 3213 insidens
1405 3170 1513 3214 sta·

446 3240 572 3293 tuae,
605 3234 671 3282 ἰιι
692 3234 855 3284 Sacra
885 3236 985 3292 via,
1009 3237 1355 3289 celeberrimo
1377 3242 1512 3304 loco,

445 3308 629 3358 Cloelia
668 3310 951 3375 exprobrat
994 3311 1276 3375 juvenibus
1321 3317 1511 3365 nostris

445 3385 712 3447 pulvinum
753 3386 1171 3452 ascendentibus,
1201 3389 1251 3438 iu
1293 3404 1357 3438 ea
1393 3392 1509 3441 illos

445 3460 574 3509 urbe
597 3461 674 3510 sic
696 3461 922 3526 ingredi,
962 3464 1015 3513 in
1038 3479 1140 3529 qua
1162 3465 1317 3516 etiam
1340 3465 1511 3516 foemi-

441 3548 535 3584 nss
559 3549 695 3601 equo
718 3536 1054 3590 donavimus-⁸
1116 3539 1314 3589 Datam
1336 3540 1385 3589 ei
1408 3549 1511 3591 sta·

443 3620 585 3662 tuam
625 3621 917 3679 equestrem
960 3616 1202 3666 Valerius
1244 3617 1510 3669 Maximus

444 3686 749 3753 arbitratur,
772 3701 858 3740 ιιι.
893 3694 941 3740 2.
975 3693 1025 3739 2.
1057 3693 1300 3756 quonism
1337 3700 1352 3722 ‘
1372 3695 1510 3743 inter

443 3770 649 3814 ceteras
673 3765 894 3829 virgines
915 3765 1067 3815 obses
1089 3766 1224 3817 busti
1260 3767 1508 3820 Porsenae

443 3838 589 3901 data,
638 3847 894 3890 nocturno
941 3849 1176 3905 tempore
1220 3845 1507 3895 custodiam

442 3925 670 3977 egressa,
693 3930 878 3979 equum
899 3917 1222 3981 conscendit,
1245 3920 1508 3986 celerique

443 3990 667 4052 trajectu
700 3988 944 4054 fluminis,
967 4007 1070 4042 nou
1094 3994 1256 4042 solum
1280 3995 1504 4045 obsidio-

443 4079 528 4119 ne,
565 4066 656 4114 sed
695 4067 853 4115 etiam
893 4075 1032 4118 metu
1056 4069 1294 4131 ‘patriam
1333 4072 1509 4134 puella

440 4140 613 4263 acuit,
634 4141 757 4192 viris
783 4143 955 4193 lumen
984 4144 1185 4194 virtutis
1221 4143 1504 4209 praeferen·

480 4214 548 4264 o.'
1245 4216 1253 4223 ’

1591 2335 1841 2387 Lucretia
1873 2344 2044 2386 autem
2080 2338 2228 2384 simul
2267 2342 2322 2384 et
2357 2335 2554 2383 Brutus
2577 2327 2659 2382 di·

1587 2418 1769 2461 cantur
1811 2413 2073 2474 expulisse
2114 2425 2282 2474 reges,
2316 2407 2490 2459 fictam
2535 2409 2657 2458 binc

1588 2501 1703 2536 esse
1735 2486 1925 2537 discito
1958 2485 2207 2542 fabulam,
2240 2502 2273 2535 a
2304 2485 2454 2533 Livio
2479 2482 2659 2547 prodi-

1588 2567 1715 2624 tam,
1737 2562 1804 2612 de
1829 2562 2090 2616 Lucretia,
2113 2575 2229 2624 quae
2263 2573 2319 2608 se
2353 2558 2423 2608 ob
2453 2559 2658 2608 illatum

1586 2634 1687 2683 sibi
1709 2642 1950 2699 stuprum
1989 2649 2020 2683 a
2050 2632 2334 2697 Tarquinio
2364 2631 2471 2681 tilio
2504 2645 2658 2696 pere-

1586 2710 1775 2758 merit.’
1807 2711 1901 2759 Ed.
1923 2724 2018 2758 sec.

1649 2781 1665 2817 ¹
1696 2782 1818 2832 Atto
1837 2784 1987 2847 enim]
2023 2781 2156 2832 Atto
2176 2781 2348 2832 Navio
2372 2781 2572 2845 auguri,
2588 2781 2659 2832 de

1587 2871 1758 2921 quoc-
1780 2863 1861 2908 11.
1927 2859 2061 2922 Typi
2085 2859 2357 2921 hactenus,
2384 2862 2497 2906 unte
2527 2856 2657 2907 enim

1585 2934 1680 2983 sibi
1696 2950 1753 2983 ac
1770 2934 1989 2999 Sibylla,
2003 2933 2169 2997 &c.—‘
2189 2934 2283 2983 Est
2304 2940 2582 2998 argenteus
2600 2934 2657 2983 in

1585 3009 1848 3059 Thesauro
1891 3010 2058 3072 Regio
2113 3023 2367 3071 nummus,
2412 3016 2469 3057 et
2513 3007 2658 3072 apud

1588 3084 1764 3134 Patin.
1798 3085 1851 3133 in
1886 3082 2083 3133 familia
2104 3083 2325 3146 Manlia,
2349 3097 2401 3146 p.
2425 3087 2539 3133 164.
2564 3098 2656 3134 ca-

1588 3161 1700 3224 pite
1737 3162 1927 3211 cirrato
1966 3160 2240 3222 muliebri;
2273 3158 2409 3209 iufra
2445 3171 2658 3214 simtu..

1587 3235 1675 3301 .)(.
1742 3237 1954 3301 Tripus,
1989 3251 2148 3300 super
2183 3251 2282 3302 quo
2326 3251 2511 3286 urceus
2553 3243 2658 3297 est,

1586 3312 1787 3374 insigne
1824 3312 2120 3372 sacerdotii,
2156 3314 2292 3363 inter
2329 3313 2465 3363 soles
2501 3313 2657 3378 duos,

1586 3388 1771 3450 quibus
1817 3388 2073 3451 imperare
2120 3389 2287 3438 Roma
2326 3387 2656 3451 significatur

1586 3461 1793 3512 Orienti
1829 3472 1886 3512 et
1920 3461 2217 3514 occidenti.
2287 3478 2337 3515 1..
2368 3476 2657 3516 monet-Am.

1587 3550 1776 3587 invia.
1803 3540 1819 3566 ‘
1838 3538 2029 3588 Lucius
2050 3540 2344 3604 Torquatus
2364 3540 2661 3605 Triumvir‚'

1584 3622 1638 3662 et
1659 3613 1796 3662 idem
1818 3614 2059 3664 sacerdos
2076 3612 2354 3678 Apollinis.
2390 3616 2451 3665 In
2470 3623 2656 3665 nostro

1583 3703 1779 3738 corona
1813 3691 1989 3739 laurea
2028 3703 2129 3738 non
2174 3697 2332 3753 caput
2380 3690 2655 3756 muliebre,

1582 3764 1676 3815 sed
1734 3766 1951 3815 alteram
2006 3766 2200 3817 nummi
2245 3781 2419 3816 aream
2465 3768 2653 3831 cingit.

1582 3844 1685 3895 Qui
1702 3842 1947 3906 Sibyllam
1971 3844 2054 3892 bic
2078 3842 2221 3908 pingi
2240 3849 2446 3907 putant,
2463 3858 2654 3908 magno

1582 3918 1846 3968 ducuntur
1880 3934 2074 3969 errore.
2146 3921 2282 3969 Nam
2321 3919 2362 3967 si
2397 3919 2653 3984 Sibyllam

1584 3994 1743 4043 vellet
1784 3994 2106 4044 Monetarius
2159 3995 2396 4059 intelligi,
2437 4010 2533 4045 cur
2576 4009 2654 4046 sr-

1586 4080 1757 4118 nvu..
1803 4076 2003 4119 tantum
2046 4071 2320 4132 scriberet,
2364 4085 2469 4119 nou
2515 4072 2653 4122 iute-

1587 4158 1733 4208 grum
1755 4157 1940 4194 nomen
1970 4148 2240 4197 smitam?
2284 4146 2652 4211 operosumne

1587 4222 1635 4271 ei
1653 4220 1754 4272 fuit
1777 4222 1979 4273 literam
1999 4237 2036 4273 Α
2059 4231 2373 4289 postremam
2394 4222 2656 4287 adjicere?
