3000 4917
505 374 682 460 4656

508 537 954 622 collyrium‚²¹’
996 543 1064 603 et
1111 552 1268 621 quae
1319 545 1498 601 aster
1540 533 1991 619 appellantur.

507 660 742 704 recens
785 642 878 704 sit
914 648 986 703 et
1011 640 1402 717 lenissima‚³
1447 639 1831 720 linguaeque
1860 636 2225 720 glutinosa:

507 742 831 818 bosior,4‘¹
874 740 1177 806 candida.

510 843 866 925 praeferant
920 845 1230 926 priorem.

1268 740 1570 823 Utraque
1588 747 1613 774 ⁶
1642 741 1875 814 uritur,
1904 757 1986 802 ac
2017 739 2309 801 lavatur.

1352 841 1638 904 Prosunt
1665 837 1686 876 ‘
1740 841 2137 922 sanguinem
2199 837 2714 922 exspuentibuS.

1234 394 1297 440 C.
1346 390 1593 439 PLINII
1653 390 1888 438 SEGUN
1907 389 1981 438 DI

2078 528 2335 597 Prioris
2383 531 2590 609 lauS,⁶
2635 537 2712 595 ut

2307 632 2542 698 {Altera
2583 633 2715 716 gle-

2396 735 2572 800 Sunt
2601 737 2715 818 qui

512 945 1091 1028 Emplastrisquess
1136 964 1290 1026 quae
1337 942 1637 1009 siccandi
1683 955 1895 1006 causa
1937 946 2439 1025 componuntur,
2484 940 2717 1005 oculo-

510 1044 693 1110 runi¹³
723 1065 988 1130 quoque
1017 1045 1528 1109 medicamentis
1561 1045 1935 1109 miscentur.

605 1164 753 1211 le.

798 1149 1056 1213 Eretria
1113 1145 1423 1213 totidemi
1480 1147 1887 1211 differentias
1945 1147 2174 1209 habet.

515 1250 672 1314 alba
709 1259 838 1328 est,
865 1256 936 1316 et
965 1251 1249 1325 cinerea,
1279 1269 1434 1332 quae
1458 1249 1815 1333 praefertur
1844 1249 1911 1311 in
1943 1247 2296 1311 medicina.

2284 1144 2599 1244 Namque
2656 1149 2723 1206 et

2384 1246 2724 1310 Probatur

513 1350 820 1416 mollitie:
868 1360 939 1417 et
998 1352 1176 1437 quod
1228 1354 1287 1416 si
1340 1347 1504 1417 aereJ'
1563 1350 2013 1434 perducatur,¹
2067 1349 2450 1414 violaceum
2501 1346 2726 1412 reddit

1439 1510 1801 1535 eueaeeeene

515 1617 613 1662 -2
661 1613 748 1662 Ita
794 1614 1055 1664 Harduin.
1099 1619 1146 1663 1.
1171 1619 1222 1663 2.
1259 1619 1308 1663 3.
1356 1623 1411 1665 et
1444 1621 1673 1663 recentt.
1750 1612 1999 1676 syropicon
2027 1608 2277 1660 Gronov.
2313 1617 2369 1659 et
2412 1611 2487 1660 al.
2525 1619 2726 1661 vett.—

517 1682 546 1727 3
582 1678 669 1727 Ita
691 1679 823 1727 bene
847 1679 999 1729 codd.
1021 1679 1186 1742 Regg.

1223 1685 1274 1730 2.
1310 1684 1359 1728 3.
1414 1685 1463 1729 et
1485 1680 1601 1727 leuis
1623 1677 1881 1728 Harduin.
1907 1681 1953 1724 1.
1989 1679 2040 1725 2.
2062 1679 2112 1724 3.
2146 1683 2200 1724 et
2234 1684 2461 1725 recentt.
2517 1680 2570 1726 et
2593 1677 2724 1725 lavis

515 1743 639 1791 Vet.
669 1743 855 1792 Dalec.
910 1750 957 1794 et
978 1744 1098 1794 lenis
1116 1744 1283 1793 codex
1308 1760 1355 1807 ε]
1343 1744 1558 1792 usdem.
1562 1747 1657 1792 —4
1688 1743 1861 1792 Altera
1875 1739 2113 1802 globosior
2134 1738 2250 1790 cod.
2277 1740 2461 1789 Dalec.

585 1808 720 1856 cu».
745 1821 849 1856 mv.
915 1812 942 1856 1
980 1810 1068 1858 Ita
1100 1809 1251 1858 codd.
1278 1808 1559 1871 Harduini,
1594 1822 1712 1857 cum
1749 1805 1873 1856 edd.
1911 1805 2169 1854 Harduin.
2212 1810 2258 1855 1.
2279 1809 2331 1853 2.
2353 1809 2401 1854 3.
2441 1805 2645 1855 Miller.
2670 1814 2725 1855 et

522 1870 737 1934 Bipont.
786 1872 832 1920 si
851 1886 948 1922 oere
963 1875 1251 1936 perducatur
1270 1874 1388 1925 cod.
1411 1874 1602 1922 Delec-

520 1950 647 1995 nov.

1664 1872 1829 1921 εἰσιν
1847 1872 2153 1933 proeducotur
2182 1868 2304 1919 edd.
2340 1877 2470 1920 vett.
2497 1879 2556 1920 et
2594 1872 2725 1920 Gro-

1522 2015 1737 2069 NOTAE

584 2110 609 2143 ¹³
644 2112 765 2167 Quoe
785 2113 1055 2177 collyrium]
1090 2115 1180 2165 Sic
1208 2116 1340 2181 Reg.
1362 2121 1413 2165 2.
1439 2115 1589 2166 Colb.

523 2192 572 2237 3.
592 2190 797 2254 aliique.
861 2191 948 2240 Sic
972 2193 1270 2251 Pintianus,
1293 2203 1349 2244 et
1379 2195 1465 2244 elii
1496 2208 1585 2243 an-

1727 2110 1750 2145 ‘¹
1783 2113 1956 2162 Altera
1983 2111 2242 2176 gleborior]
2272 2109 2435 2160 Aster
2470 2112 2731 2161 nimirum.

1669 2188 1849 2237 Diosc.
1886 2189 1985 2238 loc.
2017 2189 2110 2238 cit.
2150 2188 2207 2236 Ὀ
2232 2186 2527 2248 καλούμενος
2561 2188 2737 2251 ἀστὴρ,

524 2273 579 2314 te
613 2278 749 2315 eum.
818 2267 886 2315 Et
918 2268 1057 2331 quod
1098 2270 1420 2332 potissimum
1447 2270 1589 2318 vide-
1662 2265 1916 2324 πλακώδης
1938 2264 2003 2312 ὃν
2024 2263 2105 2313 καὶ
2123 2263 2310 2323 πυκνὸς,
2331 2264 2393 2314 ὡς
2414 2262 2585 2322 ἀκόνη.
2624 2264 2738 2312 Gle-

525 2349 631 2397 tur‚
654 2342 994 2392 Dioscorides
1029 2345 1144 2408 ipse
1168 2360 1372 2410 quoque
1396 2359 1448 2395 v.
1477 2349 1590 2395 172.

524 2417 609 2481 qui
634 2416 737 2466 duo
772 2420 973 2482 pariter
1006 2435 1198 2481 genera
1231 2422 1413 2471 Samiae
1435 2430 1591 2471 terrae

525 2494 775 2556 agnoscit,
800 2496 1039 2560 alterum,
1063 2498 1202 2561 quod
1223 2497 1495 2562 κολλύριον,
1518 2500 1592 2547 al·

525 2575 697 2619 terum
727 2570 863 2634 quod
899 2571 1053 2633 ἀστὴρ
1089 2575 1399 2636 appelletur.
1466 2575 1594 2623 Dio-

524 2646 801 2702 sem-idem,
819 2654 877 2697 ut
890 2650 1049 2709 solet,
1064 2650 1300 2713 sequitur
1316 2649 1593 2701 Oribasius

523 2721 620 2769 lib.
655 2734 782 2772 1111.
822 2738 872 2785 p.
895 2727 1010 2772 226.
1078 2725 1249 2774 Priori
1284 2726 1466 2788 generi
1489 2727 1595 2774 col-

526 2796 649 2858 lyrii
684 2810 871 2847 nomen
909 2798 1135 2847 inditum
1175 2808 1434 2864 putamus,
1455 2802 1594 2865 quod

528 2872 793 2922 oculorum
849 2873 1243 2925 medicamentis
1294 2877 1597 2939 adderetur,

529 2962 645 3012 quae
669 2948 886 3013 collyria
910 2950 1220 3000 vocitantur.
1287 2953 1597 3016 Quanquam

529 3032 585 3072 et
623 3037 751 3073 eam,
778 3025 954 3074 dotem
992 3027 1042 3076 ei
1078 3041 1194 3076 eum
1230 3034 1398 3078 estere
1419 3029 1598 3079 Samio

529 3114 851 3151 communem
874 3116 1008 3157 esse,
1024 3116 1129 3152 uon
1150 3118 1216 3152 ex
1235 3105 1407 3154 Plinio
1426 3105 1597 3160 modo,

528 3190 707 3226 verum
743 3178 902 3227 etiam
937 3193 1004 3228 ex
1040 3180 1293 3245 Marcello
1329 3182 1599 3245 Empirico

530 3251 774 3301 discimus
815 3268 863 3302 c.
901 3258 952 3303 8.
992 3269 1043 3317 p.
1080 3259 1164 3305 52.
1203 3257 1290 3305 ubi
1329 3258 1598 3321 collyrium

530 3329 812 3378 concinnat
846 3329 1086 3395 inprimis
1118 3336 1214 3382 ‘ex
1251 3340 1395 3384 terra
1423 3336 1601 3385 Samia

533 3418 685 3466 quam
711 3411 884 3454 astera
908 3406 1134 3458 vocant!

597 3487 619 3512 0
653 3480 845 3529 Prioris
883 3481 1012 3545 luas]
1048 3484 1226 3535 Diosc.
1252 3499 1306 3536 ν.
1345 3492 1459 3538 172.
1508 3491 1603 3547 Τῆς

533 3554 585 3604 δὲ
609 3553 788 3616 Σαμίας
820 3559 912 3617 γῆς
943 3558 1033 3617 τὴν
1062 3558 1188 3621 ἄγαν
1217 3563 1396 3622 λευκὴν
1414 3582 1603 3628 προκρι-

532 3636 662 3697 τέον,
682 3633 765 3684 καὶ
786 3634 1016 3699 ἐλαφρὰν,
1037 3635 1117 3685 καὶ
1145 3640 1199 3686 ἐν
1231 3640 1303 3701 τῷ
1331 3638 1483 3702 θίγω
1512 3641 1604 3700 τὴν

533 3713 778 3773 γλῶτταν,
827 3712 1146 3775 κρατουμένην
1183 3714 1459 3776 ἑχεκόλλως
1497 3750 1512 3766 .
1530 3748 1572 3766 ..
1587 3749 1603 3766 .

533 3786 616 3837 οἵα.
639 3787 776 3836 ἐστὶν
812 3787 873 3846 ἦν
909 3806 1034 3838 τινες
1065 3789 1322 3853 κολλύριον
1355 3793 1603 3844 καλοῦσιν.

536 3865 584 3912 Ε
606 3863 774 3913 Samia
800 3871 934 3914 terra
961 3866 1225 3929 praefertur
1243 3883 1300 3917 ea
1321 3884 1428 3932 quoe
1449 3872 1603 3920 maxi·

534 3958 611 3992 me
644 3945 866 4004 candida,
903 3945 1040 4007 levis,
1077 3952 1124 3996 el
1160 3949 1385 4010 tangenti
1426 3950 1605 4011 lingue

532 4020 738 4081 glutinis
777 4024 912 4070 modo
954 4025 1276 4074 adhoerescem
1308 4058 1322 4075 .
1345 4059 1358 4074 .
1383 4060 1397 4075 .
1413 4058 1428 4074 .
1447 4028 1605 4090 cujus·

535 4096 663 4145 modi
695 4102 769 4147 est
804 4115 942 4161 quom
966 4100 1119 4162 aliqui
1148 4102 1397 4165 collyrium
1416 4109 1601 4155 vocant.

536 4172 776 4222 Totidem
813 4174 864 4222 id
902 4176 1100 4236 pariter
1121 4177 1295 4226 verbis
1332 4179 1603 4229 Oribasius

538 4249 757 4301 Collect.
781 4250 870 4301 lib.
898 4264 1025 4299 xm.
1052 4267 1101 4314 p.
1121 4256 1236 4300 226.

1665 2342 1793 2400 bosa,
1819 2357 1876 2390 ac
1896 2344 2056 2397 densa,
2080 2342 2133 2389 in
2156 2343 2342 2390 modum
2363 2341 2501 2389 cotis.
2563 2339 2740 2389 Vehe-

1666 2425 1870 2467 menter
1904 2418 2206 2467 hallucinari
2252 2432 2341 2467 eos
2379 2418 2469 2481 qui
2507 2425 2738 2466 aster-em

1668 2498 1848 2563 volunt
1892 2512 2005 2546 esse
2043 2498 2278 2550 Talcum.
2322 2495 2480 2545 docet
2515 2494 2740 2544 Aldrov.

1668 2572 1735 2622 de
1769 2574 1975 2623 Metall.
1997 2588 2075 2623 tv.
2111 2577 2194 2623 34.
2235 2588 2287 2636 p.
2310 2577 2425 2622 686.
2468 2571 2739 2635 multoque

1670 2650 1965 2699 accuratius
1990 2650 2193 2699 Caesius
2228 2657 2410 2699 noster
2441 2650 2508 2698 de
2549 2648 2740 2697 Miner.

1669 2739 1733 2775 11.
1756 2730 1803 2775 2.
1827 2731 1875 2776 6.
1900 2741 1952 2789 p.
1973 2731 2085 2776 148.

1736 2808 1759 2834 ⁰
1796 2802 2033 2865 Utraque]
2071 2803 2366 2852 Diosc.loc.
2388 2802 2484 2853 cit.

1736 2876 1759 2908 f
1786 2879 2024 2943 Prosunt]
2063 2880 2244 2928 Diosc.
2268 2880 2367 2927 loc.
2392 2878 2486 2926 cit.
2557 2875 2740 2926 Aetius

1673 2968 1737 3004 11.
1754 2959 1805 3004 6.
1828 2958 1979 3018 μω.
2000 2963 2057 3004 et
2079 2954 2355 3005 Oribasius
2379 2954 2469 3003 lib.
2497 2967 2630 3003 xm.
2654 2951 2743 3002 fol.

1674 3035 1795 3080 225.

1737 3115 1764 3149 8
1796 3105 2201 3170 Emplastrisque]
2235 3096 2420 3155 Aetius
2444 3107 2547 3155 loc.
2572 3105 2664 3155 cit.

1740 3181 1764 3216 ¹¹
1803 3184 2080 3247 Oculorum]
2117 3184 2397 3233 Marcellus
2445 3183 2651 3246 Empir.
2692 3196 2740 3231 c.

1675 3263 1724 3308 8.
1751 3274 1801 3322 p.
1823 3263 1905 3310 52.

1740 3335 1754 3369 ¹
1784 3336 1983 3385 Eretria
2021 3336 2243 3399 totidem]
2293 3337 2379 3386 De
2420 3341 2577 3384 terrm
2618 3334 2743 3382 Ere-

1677 3411 1793 3460 triae
1812 3413 2092 3475 generibus
2106 3422 2262 3476 atque
2279 3410 2628 3461 factutatibus
2643 3415 2744 3459 tot·

1674 3488 1815 3537 idem
1837 3488 1995 3538 verbe
2017 3488 2146 3538 facit
2171 3490 2349 3539 Diosc.
2380 3503 2433 3538 v.
2460 3491 2577 3537 171.

1736 3563 1753 3608 j
1792 3566 1860 3614 Et
1892 3567 2015 3628 quod
2051 3567 2095 3614 si
2133 3566 2251 3629 ονε]
2289 3565 2467 3615 Diosc.
2509 3565 2619 3613 loc.
2656 3563 2747 3612 cit.

1675 3640 1868 3704 'Aplcrn
1903 3639 1955 3689 δὲ
1994 3638 2193 3701 ὑπάρχει
2212 3640 2243 3700 ἡ
2262 3642 2331 3704 ηἲ
2350 3638 2477 3704 χρόᾳ
2494 3637 2745 3701 ποδίζου-

1677 3730 1758 3776 σα,
1775 3715 1854 3765 καὶ
1872 3716 2065 3777 μαλακὴ
2086 3715 2229 3777 ἄγαν·
2263 3714 2379 3779 πρός
2397 3734 2456 3765 τε
2483 3715 2746 3776 χαλκώμα-

1677 3812 1739 3843 τα
1761 3794 2010 3844 ἑλκυθεῖσα
2024 3793 2246 3858 γραμμὴν
2265 3792 2377 3853 Mon
2398 3792 2745 3856 ἀποφερομένη.

1681 3872 1875 3936 Optima
1907 3887 2018 3922 vero
2052 3872 2254 3922 habetur
2272 3873 2335 3919 ud
2355 3871 2594 3919 cinereum
2628 3871 2745 3918 colo·

1676 3962 1779 3997 rem
1809 3962 2027 4010 vergens,
2061 3950 2111 3997 et
2138 3961 2366 4010 perquam
2397 3946 2590 3996 moun.-
2622 3961 2746 4009 quoe-

1678 4039 1790 4087 que,
1819 4025 1864 4071 εἰ
1894 4039 1983 4087 per
2016 4029 2273 4073 aeramenta
2305 4023 2507 4072 tractim
2527 4023 2745 4086 ducam,

1678 4101 1911 4164 aruginei
1930 4116 2013 4152 seu
2032 4101 2232 4165 violacei
2264 4098 2436 4150 coloris
2453 4100 2631 4149 linteam
2652 4101 2747 4164 effi·

1681 4179 1767 4228 cit.
