3000 4917
882 371 1057 420 nar.
1103 369 1304 419 ms'r.
1355 367 1499 420 mu.
1547 369 1838 422 xxxvr.
1882 359 1990 426 19.
2349 359 2525 428 4723

329 510 607 598 demus)
619 514 807 578 bre'vi
848 511 1135 580 lacinia‘
1178 516 1390 581 millia
1442 534 1759 601 passuum
1784 562 1789 568 -
1813 519 2004 601 plura
2053 521 2524 586 ambulationis

334 618 815 697 coutinentem:
860 617 976 680 sed
1006 616 1258 682 crebris
1303 617 1559 682 foribus
1594 619 1850 696 inditis,
1904 619 1990 683 ad
2041 619 2371 685 fallendos
2409 643 2523 687 oc-

331 736 598 794 cursuS,
638 716 1173 802 redeundumque
1215 722 1280 784 in
1326 739 1581 785 errores
1628 720 1918 784 eosdem.
2011 720 2364 786 Secundus
2412 725 2522 788 hic

285 827 292 834 “
330 818 465 882 suit
493 819 582 881 ab
614 819 937 902 AEgyptio
965 821 1376 903 labyrinthus
1403 842 1418 883 :
1464 822 1700 885 tertius
1727 822 1796 885 in
1826 823 2119 887 Lemno:
2153 829 2432 906 quartus
2454 825 2522 888 iu

331 916 569 983 Italia.
674 918 927 984 Omnes
970 920 1203 1003 lapide
1258 922 1479 1004 polito
1528 921 1894 988 fornicibus
1918 924 2113 989 tecti:
2150 925 2525 1008 AEgyptius

324 1021 544 1105 (quod
574 1021 773 1086 miror
819 1021 1224 1108 equidem)¹¹'
1270 1026 1597 1104 introitu,¹‘
1641 1026 1872 1109 lapide
1922 1046 1961 1090 e
2012 1027 2215 1092 Pario
2264 1027 2529 1092 colum--

329 1124 472 1186 nis:
516 1123 836 1207 reliquis⁸
881 1146 919 1188 e
962 1125 1233 1209 Syenite
1262 1127 1545 1190 molibus
1597 1128 2015 1210 compositis,
2065 1148 2238 1212 quas
2287 1127 2523 1192 dissol-r'

329 1242 493 1288 vere
525 1244 611 1289 ne
658 1227 913 1290 saecula
963 1227 1232 1310 quidem
1274 1229 1571 1310 possint:
1618 1229 2092 1312 adjuvantibus
2149 1229 2523 1293 Heracleo·

329 1324 615 1408 politis?
655 1327 773 1409 qui
796 1327 864 1391 id
895 1347 1066 1410 opus
1087 1328 1416 1392 invisum⁰
1458 1331 1622 1394 mire
1648 1329 2062 1393 infestavere.
2108 1329 2518 1394 Positionem

329 1427 559 1509 operis
602 1427 798 1510 ejusp
841 1428 1266 1512 singulasque
1293 1437 1516 1513 partes
1547 1449 1849 1494 enarrare
1894 1450 2024 1493 non
2063 1438 2191 1506 est,
2232 1448 2382 1493 cum
2431 1429 2523 1492 sit

329 1526 403 1590 in
427 1529 732 1610 regiones
762 1528 1073 1608 divisum,
1118 1536 1322 1613 atque
1365 1531 1436 1593 in
1483 1530 1917 1613 praefecturas
1957 1529 2163 1614 (quas
2209 1515 2449 1594 &ocavi
2473 1537 2524 1568 ¹0

328 1627 644 1714 nomos)‘¹
688 1630 975 1696 sedecim
996 1637 1020 1668 ‘
1061 1631 1440 1697 nominibus
1482 1650 1733 1706 earum,
1757 1629 2036 1694 totidem
2068 1631 2285 1694 vastis
2309 1630 2520 1694 domi-

331 1730 466 1795 bus
495 1731 868 1796 attributis:
912 1738 1238 1816 praeterea
1289 1733 1540 1816 templa
1577 1732 1873 1796 omnium
1917 1732 2197 1814 AEgypti
2229 1731 2523 1794 Deorum

330 1834 697 1912 contineat,
729 1853 1056 1918 superque
1079 1832 1413 1898 Nemeses
1433 1841 1454 1869 ⁸
1493 1833 1875 1918 quindecim
1905 1832 2207 1897 aediculis
2233 1839 2278 1869 ¹¹
2306 1831 2520 1895 inclu-
2577 1905 2584 1914 ¹

332 1933 521 2008 serit,
550 1932 925 2016 pyramides
954 1933 1334 2016 complures
1364 1933 1936 2017 quadragenarum
1975 1933 2294 2009 ulnarum,
2324 1950 2522 1995 senas

329 2032 631 2098 radicum
652 2033 842 2110 orus,t
884 2032 1284 2120 obtinentes.
1377 2034 1571 2097 Fessi
1588 2034 1734 2116 jam
1765 2033 1986 2097 eundo
2015 2030 2409 2115 perveniunt
2433 2029 2520 2115 ad

329 2134 593 2220 viarum
630 2135 819 2199 illum
863 2134 1408 2217 inexplicabilem
1437 2152 1739 2200 errorem.
1830 2132 2013 2211 Quin
2060 2141 2130 2195 et
2177 2130 2529 2195 coenacula

395 2305 422 2329 ⁴
455 2297 667 2356 Humili,
682 2298 843 2348 instar
861 2297 1067 2354 lacinias,
1092 2295 1216 2347 buxo
1236 2297 1311 2345 vel
1332 2294 1490 2345 herba.

1250 2422 1611 2446 ΟΟΟΟΟΟΟΟΟ

332 2527 366 2574 8
397 2524 413 2554 ‘
434 2524 498 2572 In
523 2522 675 2572 codd.
700 2523 869 2587 Regg.
891 2528 941 2573 2.
972 2528 1022 2573 8.
1059 2523 1234 2586 lapidis
1272 2539 1298 2573 e
1330 2522 1481 2578 Pario
1503 2521 1746 2584 columnis,
1767 2522 1848 2584 ᾄσ.
1914 2520 1977 2568 In
2002 2517 2243 2569 Editione
2264 2516 2526 2581 principe,

329 2584 531 2650 lapideis
548 2601 575 2636 e
605 2588 738 2636 Paro
758 2587 1019 2650 columnis,'
1031 2589 1111 2648 &c-
1125 2588 1354 2637 Brotier.
1412 2587 1567 2649 lapide
1585 2600 1612 2635 e
1634 2586 1785 2634 Pario
1800 2584 2113 2647 columnisque
2130 2583 2320 2646 reliquis
2345 2582 2526 2631 Franz.

329 2653 526 2715 lapidee
543 2652 718 2701 Pario.-
741 2653 975 2700 'columnis
1004 2652 1197 2714 reliquis
1219 2650 1474 2701 Harduin.
1505 2655 1551 2699 1.
1587 2654 1637 2699 2.
1670 2653 1720 2698 8.
1744 2643 1936 2714 Miller}
1968 2654 2023 2697 et
2046 2649 2260 2711 Bipont.
2322 2645 2529 2695 introitu

329 2716 643 2778 columnisque
680 2716 877 2778 reliquis
907 2730 933 2764 e
966 2716 1195 2772 monibus,
1229 2719 1312 2778 ξε.
1338 2715 1571 2765 Gronov.
1608 2720 1664 2763 et
1703 2714 1976 2775 vulgg.—-.9
2007 2711 2130 2761 Vet.
2164 2710 2345 2759 Dalec.
2381 2709 2528 2758 etiam

329 2779 878 2842 Hemcteopotitis.—lo
912 2778 1145 2829 Gronov.
1181 2786 1237 2829 et
1273 2780 1343 2829 al.
1378 2786 1501 2828 ante
1539 2776 1795 2827 Harduin.
1830 2790 1946 2840 quus
1977 2775 2293 2824 coenan—ll
2329 2772 2526 2822 Amasis

329 2843 548 2892 undecim
565 2845 800 2892 'adtentus
821 2844 946 2893 Vet.
970 2844 1157 2893 Dalee.
1219 2844 1370 2907 Mox,
1400 2843 1455 2894 in
1491 2842 1677 2892 eodem
1711 2841 1832 2889 Vet.
1862 2854 2000 2889 senas
2030 2842 2094 2888 ad
2126 2837 2334 2888 radicem
2366 2837 2527 2894 ηιαής

1325 2968 1539 3020 NOTAE

398 3073 436 3099 ¹¹¹
472 3066 613 3122 Quod
630 3066 779 3115 miror
798 3065 1034 3129 equidem]
1069 3064 1251 3115 Mirari
1266 3066 1389 3129 jure

331 3135 495 3205 subit,
538 3154 654 3190 cum
688 3140 945 3205 AEgyptus
972 3147 1055 3190 tot
1081 3153 1389 3189 marmorum

333 3215 616 3281 generibus
633 3215 766 3265 domi
784 3215 1032 3272 abundet,
1048 3229 1078 3264 e
1093 3214 1234 3264 Paro
1248 3229 1389 3279 qute-

334 3291 507 3354 siisse,
530 3297 589 3339 ut
617 3290 861 3340 introitus
892 3289 1173 3355 labyrinthi
1196 3290 1391 3340 colum-

333 3382 427 3419 nas
461 3380 529 3416 ex
551 3381 614 3416 eo
637 3366 926 3429 excideret,
954 3373 1392 3430 componeretque

332 3444 550 3493 structis
572 3455 639 3491 ex
661 3456 724 3492 eo
745 3441 917 3503 lapide
939 3440 1178 3491 molibus.
1278 3471 1287 3477 -

399 3526 428 3552 ¹¹
459 3517 699 3581 Iuroitu]
752 3516 890 3565 Vide
915 3516 1082 3566 Notas
1096 3522 1153 3565 et
1179 3513 1394 3564 Emend-

337 3605 476 3643 numz
494 3596 577 3642 12.
1329 3645 1334 3648 Δ

399 3676 424 3702 ⁰
461 3668 563 3724 Qui
583 3667 638 3716 id
657 3681 775 3729 opus
794 3662 1022 3726 invisum]
1077 3661 1209 3715 Μέε.
1240 3663 1393 3727 quiid

337 3760 451 3809 opus
469 3744 524 3793 iu
544 3758 649 3791 usu.

403 3826 431 3860 Ρ
465 3819 758 3868 Positionem
775 3815 929 3880 operis
947 3814 1074 3879 eius]
1110 3814 1394 3877 Eleganter

341 3910 373 3945 a
413 3894 561 3944 Mela
615 3892 943 3953 describitur,
980 3905 1019 3940 ι.
1059 3895 1110 3939 9.
1152 3903 1272 3952 pag.
1312 3891 1394 3937 18.

338 3969 744 4019 ‘Psammetichi
782 3981 912 4031 opus
945 3964 1286 4029 labyrinthus,
1306 3962 1397 4012 do·

341 4060 450 4096 mos
494 4052 580 4095 ter
617 4044 779 4100 mille,
816 4049 871 4092 et
896 4041 1078 4106 'regias
1106 4035 1397 4091 duodecim.

339 4129 599 4186 perpetuo
633 4118 860 4185 parietis·
884 4116 1080 4166 ambitu
1113 4114 1402 4178 amplexus,

340 4211 602 4249 marmore
624 4200 923 4247 exstructus
944 4205 1006 4242 ae
1035 4197 1226 4247 tectus,
1248 4203 1402 4239 unum

1471 3064 1527 3112 iu
1562 3076 1619 3112 se
1653 3061 1953 3113 descensum
1987 3058 2168 3122 habet,
2201 3058 2528 3118 inturpaene

1470 3135 1867 3186 innumerabiles
1887 3131 2028 3198 vias:
2043 3129 2142 3183 &e-

1535 3221 1562 3255 ‘1
1597 3213 1730 3269 Ques
1748 3210 1912 3260 vocavi
1929 3209 2113 3272 aonios]
2168 3206 2325 3257 Libro
2349 3204 2530 3269 quinto

1470 3287 1697 3350 scilicet,
1719 3300 1837 3350 cap.
1857 3289 1906 3334 9.
1971 3284 2056 3334 Sic
2079 3296 2235 3349 porro
2251 3282 2382 3331 Μαι.
2404 3293 2529 3337 uon,

1471 3372 1534 3413 ut
1554 3361 1705 3424 editi,
1724 3376 1839 3425 quus
1855 3363 2041 3410 vocant.

1536 3445 1558 3472 ⁸
1591 3435 1831 3499 Sedecim]
1860 3436 2045 3486 Plures
2065 3434 2274 3495 Strabo,
2291 3430 2547 3496 Herode-U

1472 3518 1560 3563 tus
1582 3512 1848 3576 pauciores
1867 3510 2043 3560 habet.

1536 3593 1557 3622 ⁸
1589 3586 1835 3650 Nemetes]
1886 3585 1961 3635 De
1995 3583 2211 3635 Nemesi
2236 3581 2458 3631 diximus
2481 3593 2530 3629 e.

1472 3665 1523 3711 4.
1540 3660 1661 3709 libri
1682 3658 1854 3723 hujus.

1540 3737 1557 3769 ⁸
1586 3735 1738 3784 Smne
1752 3734 1964 3783 radicum
1979 3730 2108 3793 oras]
2142 3731 2228 3780 Ita
2240 3729 2379 3779 clare
2397 3730 2529 3779 Mss.

1474 3824 1670 3866 omnes.
1717 3809 1800 3858 Ad
1824 3809 2052 3858 radicem
2077 3805 2357 3871 pyramidis
2379 3805 2532 3854 intel-

1473 3889 1567 3950 ligi
1593 3888 1659 3936 ab
1680 3902 1741 3937 eo
1762 3888 2072 3937 arbitramur
2088 3884 2395 3949 spatiosiora
2412 3880 2529 3931 fuu-

1476 3963 1738 4023 damenta,
1774 3976 1871 4011 ceu
1910 3960 2102 4024 gradus
2137 3959 2402 4022 quosdam,
2435 3969 2531 4021 per

1478 4049 1605 4101 quos
1644 4035 1886 4086 introitus
1922 4034 2202 4100 pyramidis
2246 4037 2530 4098 peteretur.

1481 4110 1627 4164 Libri
1640 4110 1791 4173 editi,
1809 4124 1943 4162 senos
1957 4111 2117 4161 radice
2126 4121 2307 4161 muros.
