3000 4917
809 414 872 461 ο.
921 410 1162 460 enti-111
1214 406 1558 459 saeuum
1602 409 1745 460 mu.
1795 411 1914 459 ιιι.
1956 394 2094 482 (5.)

356 558 445 619 tis,
469 561 524 607 et
558 555 819 605 oblivione
856 555 1088 620 sepultis.
1156 555 1284 619 Ejus
1326 569 1419 619 op·

357 633 469 697 pidi
491 635 631 682 cives
656 632 1002 696 Pythagorei,
1029 646 1148 680 cum
1178 631 1420 680 animatis

358 710 598 759 omnibus
663 709 1007 764 abstinerent,
1077 708 1420 771 serpentium,

356 802 486 851 quos
526 786 770 835 occidere
818 785 1086 841 uolebant,
1133 786 1186 834 in
1232 784 1419 833 vicinis

359 863 635 926 paludibus
658 871 891 912 natorum
917 862 1068 927 copia
1089 861 1246 912 deleti
1283 869 1421 911 sunt.

362 940 594 989 Narrant
617 940 725 999 alii,
743 951 859 989 cum
885 940 1023 989 inani
1063 953 1269 989 rumore
1304 939 1422 987 bos·

358 1021 437 1063 tes
478 1016 664 1065 adesse
701 1016 886 1065 crebro
917 1017 1268 1079 nuntiaretur,
1306 1016 1422 1078 lege

358 1098 674 1151 cantum,ne
716 1092 767 1141 id
805 1099 989 1154 postea
1026 1093 1343 1152 iudicarent,
1367 1100 1423 1141 et

358 1184 427 1217 ex
470 1169 751 1232 improviso
788 1169 1057 1233 aliquanto
1114 1177 1233 1233 post
1278 1167 1423 1218 facta

359 1244 717 1309 impressione,
761 1244 829 1294 ab
866 1244 1098 1294 hostibus
1142 1259 1422 1308 oppressos

356 1318 538 1384 fuisse,
573 1321 710 1370 unde
748 1321 1101 1385 proverbium,
1144 1320 1422 1385 ‘Amyclas

357 1396 617 1457 silentium
642 1395 911 1460 perdidit!
980 1397 1208 1450 Lucilius
1234 1412 1247 1444 ε
1282 1399 1297 1425 ‘
1322 1397 1424 1446 Mi-

358 1472 414 1520 hi
435 1485 644 1521 neeesse
668 1480 749 1521 est
770 1472 929 1534 loqui.
976 1472 1113 1521 Nam
1132 1472 1241 1522 scio
1264 1471 1425 1536 Amy·

359 1549 469 1597 elas
490 1548 698 1597 silentio
712 1547 968 1610 periisse?
1000 1549 1152 1598 Idem.

431 1624 663 1687 Far-mia]
686 1625 909 1674 Formiae
934 1621 1150 1673 suerunt
1186 1637 1217 1671 a
1247 1623 1426 1672 Sarra·

362 1701 508 1751 oenis
532 1701 717 1750 dirutae
742 1715 880 1750 anuo
901 1705 1020 1751 956.
1045 1700 1221 1765 Prope
1239 1701 1426 1751 'I'arru⁴

364 1777 537 1826 einum
562 1784 744 1825 extant
762 1776 965 1825 illarum
989 1777 1171 1827 ruinae.
1205 1777 1362 1827 Idem·

433 1853 554 1918 Lyri
573 1868 711 1903 amne
743 1854 914 1910 divisa,
942 1855 1145 1903 Glanico
1167 1853 1426 1918 appellato]

362 1929 554 1979 Scribo
593 1929 755 1993 Claui,
794 1943 896 1978 non
924 1929 1147 1990 Glauieo,
1191 1942 1257 1977 ex
1279 1930 1428 1978 Stra-

363 2008 588 2063 bone‚v.
608 2014 665 2057 et
698 2007 941 2057 Cornelio
971 2007 1176 2071 Tacito,
1201 2019 1282 2056 xl.
1316 2007 1334 2035 ‘
1354 2007 1427 2056 O·

363 2083 641 2143 rantibus(
696 2084 882 2150 inquit,
932 2083 948 2111 ‘
980 2082 1312 2144 Florentinis,
1360 2096 1427 2132 ne

364 2161 550 2210 Clanis
564 2160 723 2210 solito*
734 2164 882 2210 alveo
901 2160 1136 2210 demotus
1156 2160 1207 2209 in
1223 2173 1425 2208 animem

365 2234 571 2285 Arnum
627 2234 1019 2293 transferretur,
1083 2236 1245 2299 idque
1299 2235 1427 2298 ipsis

365 2312 656 2375 perniciem
692 2310 946 2362 afferret!
999 2313 1239 2362 Summus
1277 2310 1432 2374 poeta

367 2390 751 2453 Georgicorum
813 2389 1061 2453 seeundo,
1116 2389 1132 2415 ‘
1159 2386 1429 2438 Clanium’

367 2466 606 2529 appellat
635 2465 1016 2515 Acerranorum
1060 2461 1295 2524 fluvium,
1339 2464 1354 2491 ‘
1376 2471 1431 2512 et

370 2543 545 2591 vacuis
582 2541 795 2593 Clanius
829 2556 933 2591 non
968 2556 1145 2605 aequus
1190 2539 1435 2591 Acerris!

446 2694 755 2759 Vulturnum]
801 2693 1117 2743 Vulturnum
1158 2707 1189 2741 a
1232 2694 1432 2743 colonia

374 2772 539 2821 Roma
576 2785 640 2821 eo
678 2772 833 2820 missa
875 2769 1140 2820 conditum
1186 2770 1252 2819 ad
1298 2771 1433 2820 ostia

371 2847 615 2896 Vulturni
632 2844 796 2902 fluvii,
817 2846 970 2896 hodie
988 2846 1283 2897 Vulturnia.
1318 2848 1432 2896 Liv.

369 2922 463 2972 lib.
495 2936 574 2971 lv.
612 2923 688 2972 ait
718 2924 948 2986 Capuam
971 2921 1092 2971 olim
1115 2923 1433 2972 Vulturnum

374 2999 570 3048 dietam
603 2997 803 3061 fuisse3
853 3000 1046 3063 Capuoe
1091 3012 1214 3047 vero
1250 3011 1435 3048 nomen

374 3075 599 3125 inditum
625 3091 655 3125 a
676 3077 861 3140 Capua
881 3076 1167 3125 Samnitum
1191 3077 1323 3126 duce
1346 3078 1436 3141 qui

373 3166 488 3200 eam
529 3159 765 3215 ceperat,
804 3152 884 3201 vel
923 3152 1256 3214 acampestri
1291 3165 1436 3214 agro.

337 3289 340 3292 Ι
372 3231 694 3279 Vulturnum
718 3226 907 3277 flumen
943 3229 1100 3277 etiam
1127 3241 1158 3277 a
1195 3229 1437 3278 Romanis

367 3306 386 3335 ⁸
410 3306 735 3355 Nataronum
756 3304 771 3327 ⁸
805 3311 1042 3354 vocatum
1074 3302 1231 3352 fuisse
1273 3302 1439 3354 tradit

373 3384 429 3433 in
455 3383 563 3432 vita
585 3382 732 3432 Fabii
759 3382 1089 3431 Plutarchus.
1124 3380 1294 3431 Dulce.

381 3495 386 3500 -
447 3458 636 3526 Came]
669 3459 847 3509 Cumis
886 3457 1070 3507 Hamae·
1108 3459 1294 3508 vicinae
1328 3455 1439 3507 fue-

375 3543 521 3591 runt,
544 3529 806 3585 sacrorum
823 3534 1097 3598 religiones
1113 3534 1287 3583 clarae.
1323 3533 1439 3582 Liv.

372 3611 468 3662 lib.
486 3623 660 3660 xxm.
697 3613 713 3639 ‘
736 3610 984 3673 Campani
1010 3610 1174 3659 adorti
1196 3616 1316 3659 sunt
1330 3623 1439 3658 rem

376 3689 664 3738 Cumanam
702 3699 810 3736 suae
846 3686 1057 3736 ditionis
1094 3684 1301 3736 facere:
1338 3686 1441 3749 pri·

375 3778 463 3813 nio
486 3763 829 3814 sollicitantes
865 3771 923 3811 ut
961 3776 992 3811 a
1031 3763 1280 3812 Romanis
1316 3761 1443 3811 defl-

378 3848 583 3891 eerent.
651 3840 756 3890 Ubi
820 3838 876 3888 id
926 3851 1104 3902 parum
1166 3839 1442 3903 processit,

376 3916 550 3965 dolum
572 3915 637 3964 ad
660 3915 970 3979 capiendum
994 3927 1084 3963 ees
1105 3922 1443 3978 componunt.

378 3992 703 4042 Sacrificium
729 3995 792 4041 ad
828 3993 1026 4042 Hamas
1048 3997 1355 4040 nocturnum
1390 4007 1442 4040 e·

378 4066 503 4130 rat‚’
521 4072 623 4117 ὅτε.
670 4069 734 4116 In
758 4068 921 4118 arduo
944 4075 1141 4130 monte,
1157 4068 1245 4132 qui
1270 4082 1300 4116 a
1321 4068 1442 4117 Bal-

377 4144 495 4208 neis
554 4144 937 4208 'l'ripergulinis
1001 4146 1153 4193 abest
1209 4142 1349 4191 mille
1390 4150 1444 4193 et

380 4221 692 4284 quingentos
728 4235 927 4284 passus,
965 4220 1248 4269 flamarum
1289 4220 1443 4285 iusig-

383 4311 479 4348 nes
504 4298 666 4347 ruinae
687 4296 1095 4362 conspiciuntur.
1134 4295 1280 4345 Idem.

2380 397 2557 464 5005

1579 554 1753 618 Bauli]
1809 555 2001 604 Baulos
2054 555 2339 606 Herculeos
2396 562 2555 607 vocat

1495 630 1672 694 Silius,
1694 632 1832 696 quod
1866 647 1928 681 eo
1947 631 2204 697 Geryonis
2226 642 2462 684 armenta
2481 635 2560 685 di-

1495 717 1735 757 versatus
1794 709 2051 758 Hercules
2126 709 2340 773 egisset,
2407 709 2558 773 quasi

1493 782 1746 840 βοαῦλους.
1783 785 2036 834 Hadrian.
2061 784 2187 836 Jun.
2215 790 2318 834 1.9.
2353 787 2510 836 Idem.

1566 861 1790 925 Neapolis
1815 863 2209 932 Gnateideasiam,
2229 868 2278 911 et
2299 863 2404 926 ipsa
2431 864 2557 913 Par·

1495 937 1690 1001 thenape
1710 953 1740 986 a
1773 942 1950 987 tammo
1971 939 2159 987 Sirenis
2178 939 2332 1001 dicta]
2367 929 2456 989 Sic
2480 940 2557 988 iu·

1496 1018 1933 1077 terpungendum,
1968 1023 2025 1063 ut
2053 1016 2208 1064 verba
2231 1017 2334 1071 illa,
2366 1021 2415 1064 et
2437 1016 2560 1079 ipsa,

1496 1089 1562 1138 ad
1587 1092 1854 1155 superiora
1890 1091 2102 1141 referas.
2170 1093 2259 1141 Ait
2283 1092 2440 1154 enim,
2458 1094 2561 1142 sic·

1497 1167 1576 1215 uti
1621 1168 1829 1224 Cumas,
1861 1183 1990 1233 quas
2028 1169 2182 1231 paulo
2219 1177 2340 1217 ante
2389 1168 2560 1218 reddi·

1497 1240 1597 1304 dit,
1641 1242 1717 1292 ita
1747 1243 1905 1292 etiam
1949 1244 2209 1308 Neapolin
2251 1244 2560 1294 Chalciden-

1498 1319 1630 1366 sium
1675 1319 1949 1369 aedificium
1995 1336 2127 1370 esse.
2207 1320 2411 1371 Auctor
2479 1328 2563 1371 est

1498 1395 1692 1446 Strabo
1714 1397 1805 1447 lib.
1825 1411 1881 1447 v.
1916 1398 2139 1447 Piutian.

1570 1473 1935 1540 Here-alaniam,
1973 1473 2188 1538 Pompeii
2203 1492 2219 1522 .·
2254 1476 2379 1523 haud
2397 1475 2562 1537 procul

1496 1555 1740 1611 spectante
1780 1555 1938 1600 inante
1977 1551 2197 1612 Vesuvio,
2235 1549 2345 1613 θα]
2383 1551 2523 1613 Lege
2543 1565 2559 1598 ε

1501 1624 1869 1689 Herculaneum,
1922 1627 2138 1691 Pompeii
2159 1643 2180 1685 ,·
2234 1623 2360 1675 haud
2400 1627 2563 1689 procul

1504 1700 1714 1764 spectato
1750 1707 1909 1751 monte
1963 1702 2177 1767 Vesuvio,
2217 1704 2421 1751 alluente
2453 1716 2562 1751 cero

1503 1777 1660 1826 Sarno
1698 1791 1850 1827 ame.
1918 1778 2041 1828 vid.
2072 1779 2210 1828 Isac.
2249 1779 2485 1827 Vossiurn
2509 1777 2563 1827 in

1500 1855 1715 1917 Melam,
1741 1870 1792 1918 p.
1816 1859 1930 1905 1⁷0.

1565 1932 1791 1982 Allaeute
1811 1947 1921 1982 vero
1960 1932 2115 1982 Sarno
2138 1947 2293 1996 amne,
2314 1947 2431 1994 ager
2455 1932 2566 1980 Νι-

1499 2008 1689 2057 eerinas
1709 2014 1813 2058 est:
1849 2015 1897 2058 et
1915 2024 2078 2058 novem
2108 2011 2262 2058 millia
2289 2021 2512 2072 passuum
2532 2022 2566 2057 a

1501 2083 1627 2133 mari
1665 2085 1769 2147 ipsa
1792 2083 2024 2146 Nuceria]
2059 2085 2240 2133 Prima
2264 2084 2349 2131 illa
2387 2083 2568 2143 verba,
2596 2083 2600 2088 ’

1501 2158 1725 2209 Allueate
1746 2175 1856 2210 tero
1886 2161 2041 2209 Sarno
2061 2176 2217 2220 amne,
2236 2160 2299 2208 ad
2332 2160 2566 2223 superio-

1505 2250 1566 2285 ra
1589 2238 1880 2298 pertinent:
1915 2247 1975 2286 ut
1999 2236 2328 2285 scribendum
2355 2243 2565 2297 putem=

1506 2312 1727 2375 Pompeii
1765 2314 1892 2362 haud
1930 2315 2091 2376 procul
2130 2316 2368 2375 spectante
2408 2316 2568 2359 moute

1514 2389 1729 2452 Vesuvio,
1748 2391 1954 2439 alluente
1973 2406 2082 2440 cero
2101 2390 2429 2446 Sarnoflamne.
2493 2387 2571 2437 A·

1501 2477 1594 2526 ger
1618 2463 1906 2528 Nucerinus,
1945 2472 1995 2515 et
2032 2466 2136 2514 IX.
2173 2463 2250 2514 M.
2284 2478 2506 2528 meatim
2536 2478 2570 2513 a

1506 2543 1632 2590 mari
1672 2542 1779 2605 ipsa
1802 2542 2031 2592 Nuceria.
2089 2542 2222 2591 Nam
2248 2541 2462 2589 verbum
2498 2544 2572 2589 est

1509 2632 1611 2667 nou
1634 2618 1827 2681 legitur
1849 2621 1903 2668 in
1924 2615 2132 2683 scriptis
2156 2617 2438 2667 codicibus.
2479 2614 2571 2664 ΑΙ-

1507 2696 1582 2743 lui
1610 2710 1729 2745 vero
1748 2697 2029 2759 Pompeios
2051 2697 2215 2745 Sarno
2232 2707 2400 2756 amne,
2424 2693 2571 2742 Stra·-

1512 2770 1578 2820 bo
1604 2770 1765 2820 tradit
1786 2771 1920 2822 libro
1941 2772 2142 2836 quinto.
2180 2770 2406 2819 Pintiau.

1579 2846 1803 2910 Circeiis]
1839 2845 2097 2896 Circeium
2138 2850 2216 2894 est
2255 2859 2420 2901 mons,
2463 2843 2572 2893 sive

1513 2924 1922 2984 promontorium
1963 2923 2155 2984 potius,
2198 2922 2262 2970 ad
2303 2921 2453 2984 cnjus
2491 2935 2573 2968 ra·-

1509 2996 1654 3044 dices
1711 2993 1959 3058 oppidum
2014 2996 2225 3045 Sanctae
2281 2995 2570 3045 Felicitatis

1510 3074 1665 3121 situm
1694 3080 1793 3122 est.
1833 3073 1998 3123 Doleo.

1577 3145 1820 3211 Atellani]
1877 3148 2236 3197 Atellanarum
2288 3147 2452 3197 ruinae
2495 3146 2572 3196 vi-

1514 3235 1699 3275 suntur
1737 3227 1788 3274 in
1824 3224 2020 3275 Aversa
2045 3224 2242 3287 oppido
2262 3224 2412 3286 regni
2436 3223 2576 3273 Nea-

1515 3301 1752 3365 politani.
1842 3302 2021 3365 Prope
2059 3300 2112 3349 id
2150 3299 2397 3363 oppidum
2436 3298 2573 3348 divae

1514 3379 1702 3427 Maria
1728 3379 1995 3441 templum,
2011 3376 2147 3440 quod
2172 3375 2379 3425 nomine
2406 3380 2576 3423 vetus-

1517 3462 1573 3504 to
1597 3454 1649 3503 iu
1678 3453 1852 3503 Atella
1874 3459 2106 3501 vocatur.
2165 3452 2423 3501 Robertus
2445 3449 2576 3501 Gui-

1516 3531 1737 3580 cbardus
1792 3529 2039 3579 Aversurn
2096 3529 2402 3584 nominavit,
2436 3527 2576 3591 quod

1517 3606 1623 3655 illic
1659 3606 1867 3666 minuitis
1904 3604 2089 3654 castris
2127 3604 2385 3667 Neapolin
2425 3601 2579 3651 simul

1518 3691 1573 3733 et
1594 3685 1824 3747 Capuam
1851 3697 1946 3746 per
1986 3683 2194 3744 longum
2221 3687 2422 3742 tempus
2445 3677 2580 3729 obsi-

1518 3757 1649 3809 dens
1672 3761 1976 3808 adversatus
1998 3758 2089 3806 diu
2112 3759 2196 3806 sit.
2229 3756 2381 3805 Idem.

1587 3836 1818 3900 Calatiae]
1873 3836 2098 3895 Calatia,
2159 3831 2312 3883 hodie
2361 3831 2571 3894 Caiatia.

1519 3913 1658 3963 Huic
1699 3914 1898 3963 vicinus
1925 3911 2083 3960 Callis
2109 3909 2390 3969 Sidicinus,
2427 3907 2578 3958 bodie

1522 3991 1680 4051 Calvi,
1716 3998 1775 4038 et
1812 3988 2085 4044 Callicula,
2129 3987 2278 4035 hodie
2322 3984 2581 4047 cnjaneno.

1519 4065 1690 4115 Idem.

1588 4141 1837 4205 Casinum]
1890 4141 2061 4189 Varro
2082 4138 2152 4187 de
2175 4138 2322 4201 Ling.
2345 4138 2462 4186 Lat.
2483 4135 2576 4187 lib.

1520 4230 1596 4267 vr.
1636 4218 1883 4265 Cassianum
1908 4216 2108 4277 scribit,
2134 4230 2192 4263 ac
2208 4214 2320 4277 ejus
2339 4212 2580 4261 dictionis

1520 4294 1773 4344 rationem
1797 4293 1943 4343 ducit
1966 4308 1999 4343 a
2033 4299 2048 4321 ⁶
2071 4289 2267 4353 Casso‚'
2301 4289 2436 4354 quod
2463 4291 2578 4337 ‘ve-
