3000 4917
816 380 1240 433 uxi-..ursin
1291 383 1433 433 ms.
1483 383 1775 434 xxxw.
1816 369 1928 435 21.
2299 372 2474 438 4479

270 527 416 592 boc'
431 526 644 591 modo
670 525 733 586 τ’
772 532 1000 590 massa
1025 526 1380 609 proflatur·
1407 529 1743 611 inprimis:
1791 548 1955 593 mox
1984 529 2054 594 in
2085 530 2474 613 proflatum⁶

273 628 552 693 additur·
572 628 769 691 tertia
798 627 1013 709 portio
1043 626 1196 690 aeris
1240 629 1652 706 collectanei,
1689 628 1823 693 hoc
1869 635 1996 707 est,
2043 649 2129 694 ex
2178 648 2309 695 usu
2336 651 2474 696 eco·-

273 727 459 792 e'mti.
548 728 903 792 Peculiare
932 728 1001 791 in
1030 747 1113 791 eo
1146 728 1641 793 condimentum
1674 730 1904 795 attritu
1928 729 2187 809 domiti,
2211 740 2285 796 et
2313 752 2472 797 con-

273 829 630 894 suetudine
660 829 900 892 nitoris
922 828 1128 892 veluti
1150 829 1671 894 mansuefacti!
1709 827 2109 896 Miscenturi
2130 841 2198 900 et
2218 833 2475 917 plumbi

275 930 644 1012 argentarii
693 928 923 1013 pondo
970 929 1280 994 duodena
1337 948 1419 994 ac
1471 930 1786 1007 selibrae‚⁷
1833 933 2138 997 centenis
2187 935 2475 1016 proflati.

274 1031 688 1115 Appellatur
718 1030 1072 1094 etiamnum
1103 1035 1175 1093 et
1201 1026 1538 1094 formalisj
1585 1035 2035 1114 temperatura
2074 1034 2228 1098 seris
2266 1042 2475 1101 tener-

270 1133 453 1211 rimi,
504 1131 819 1216 quoniam
873 1130 1041 1212 nigri
1063 1127 1087 1165 ⁸
1147 1131 1405 1213 plumbi
1461 1132 1723 1198 decima
1780 1135 1998 1216 portio
2058 1135 2347 1214 additur,
2405 1147 2478 1202 et

274 1233 676 1316 argentarii⁹
722 1232 1046 1296 vicesima
1070 1251 1090 1292 ε
1131 1232 1554 1316 maximeque
1592 1235 1692 1298 ita
1733 1235 2022 1299 colorem
2048 1235 2245 1313 bibit,
2273 1256 2476 1320 quem

237 1372 242 1381 -
271 1335 755 1400 Graecanicum
786 1339 1052 1398 vocant.
1141 1332 1540 1399 Novissima
1569 1341 1696 1413 est,
1722 1353 1880 1419 quae
1911 1342 2190 1400 vocatur
2218 1337 2475 1414 ollaria,

273 1455 448 1501 vase
496 1454 738 1499 nomen
781 1434 913 1499 hoc
963 1435 1186 1512 dante,
1228 1434 1430 1499 ternis
1475 1441 1597 1499 aut
1627 1436 1973 1518 quaternis
2000 1435 2191 1500 libris
2219 1438 2478 1520 plumbi

274 1537 634 1621 argentarii
691 1537 761 1600 in
819 1546 1133 1600 centenas
1190 1536 1345 1601 aeris
1400 1535 1672 1601 additis.
1762 1535 2017 1620 Cyprio
2077 1538 2136 1602 si
2196 1538 2479 1604 addatur

273 1639 654 1722 plumbum,
685 1638 873 1702 colos
901 1656 1216 1720 purpurae
1250 1636 1321 1701 fit
1349 1638 1418 1701 in
1443 1643 1818 1702 statuarum
1847 1640 2222 1720 praetextis.

365 1755 555 1804 xxr.
598 1739 769 1803 AEra
815 1734 1130 1802 extersa*
1171 1738 1545 1820 rubiginem
1595 1738 1882 1803 celerius
1935 1740 2226 1815 trahunt,
2275 1761 2477 1824 quam

267 1842 612 1919 neglecta,
659 1840 797 1904 nisi
853 1839 1000 1903 oleo
1056 1845 1526 1922 perungantur.
1615 1839 1883 1904 Servari
1942 1836 2059 1904 ea¹
2104 1841 2352 1924 optime
2412 1844 2480 1907 in

272 1944 543 2028 liquida
585 1942 742 2026 pice
789 1940 1075 2006 tradunt.
1164 1939 1351 2004 Usus
1394 1942 1547 2004 aeris
1578 1939 1664 2004 ad
1694 1941 2203 2025 perpetuitatem
2250 1962 2480 2011 monu-

274 2050 645 2110 mentorum
695 2042 839 2126 jam
896 2042 1161 2125 pridem·
1202 2041 1574 2106 translatus
1624 2047 1748 2119 est,
1802 2042 2047 2108 tabulis
2104 2044 2367 2124 aereis,¹¹¹
2409 2047 2481 2110 in

273 2146 530 2231 quibus
563 2144 860 2227 publicae
890 2143 1397 2208 constitutiones
1422 2143 1818 2207 inciduntur.

219 2366 224 2373 .
331 2321 361 2354 ⁶
389 2322 475 2372 Aa
493 2327 683 2372 statum
705 2321 974 2382 faciendas,
994 2325 1042 2371 et
1063 2321 1125 2372 ud
1145 2323 1379 2371 ducemus
1400 2321 1585 2375 tabutas
1605 2335 1774 2379 oeneas,
1796 2321 1950 2372 altem
1970 2322 2070 2372 Itoec
2090 2326 2350 2387 opportuna
2369 2320 2483 2370 oeris

274 2391 600 2448 temeratur-a
620 2391 710 2436 est.

338 2451 586 2499 emendo
608 2450 878 2499 resolvitur.

339 2512 369 2547 δ
405 2514 613 2579 Quando
633 2529 698 2564 ex
716 2513 876 2565 crebri)
899 2514 1074 2563 attritu
1094 2513 1324 2564 domnitam
1342 2518 1433 2573 est,
1452 2516 1499 2563 et
1522 2513 1755 2578 quendum
1771 2513 1918 2563 veluti
1936 2514 2139 2564 nitorem
2160 2513 2335 2564 traxit.

1197 2639 1561 2662 ‘0000an

274 2736 460 2786 Dalec.
483 2737 636 2802 quue
651 2742 855 2794 notasse,
874 2739 957 2800 qe.
960 2740 1059 2786 -6
1089 2737 1212 2786 Vet.
1234 2737 1417 2788 Dslec.
1437 2737 1592 2800 inpro
1663 2742 1876 2789 tam—7
1912 2737 2040 2788 Cod.
2062 2737 2246 2787 Dslec.
2272 2745 2328 2786 et
2358 2737 2482 2789 Vet-

275 2800 1477 2930 :mitigataeamalfim?.th
1484 2802 1716 2916 1332213.
1719 2802 1968 2852 “”m‘m‘
1988 2818 2093 2852 ‘'¹²²'‘
2111 2801 2263 2865 ’⁸⁵⁹‘
2266 2804 2364 2850 '⁹
2396 2801 2484 2851 ¹¹²

1272 2994 1488 3046 NOTAE

337 3092 353 3126 ¹
385 3090 690 3154 Miscentur]
734 3091 931 3161 Colossi
962 3095 1248 3155 equestres,
1279 3089 1347 3138 si-

276 3166 495 3217 milesve
519 3176 731 3229 statuae,
752 3181 857 3216 non
879 3181 945 3217 ex
967 3167 1077 3216 solo
1102 3180 1212 3215 aere
1225 3180 1347 3215 cou-

275 3241 493 3301 flsntur,
525 3244 618 3293 sed
659 3257 780 3306 pars
813 3243 987 3307 aliqua
1015 3240 1198 3299 stanni
1221 3241 1345 3290 Cor·

276 3318 553 3368 nubiensis
591 3318 922 3374 admiscetur,
946 3323 1005 3366 ut
1036 3314 1239 3365 facilius
1272 3329 1345 3364 τε

278 3391 446 3442 fusum
493 3391 658 3442 fluatz
715 3400 841 3443 tunc
899 3386 1153 3454 appellari
1209 3392 1345 3441 solet

278 3468 490 3518 Bmze.
556 3468 612 3516 Si
652 3481 769 3518 cum
806 3474 1017 3517 eentum
1052 3467 1202 3517 libris
1228 3468 1345 3516 oeris

275 3545 595 3594 misceantur
613 3534 801 3606 'viginti
822 3541 996 3606 pondo
1030 3542 1201 3591 stanni
1225 3557 1342 3606 pur·

276 3619 548 3681 gatissimi,
592 3625 811 3668 vocatur
860 3618 1145 3679 metallum,
1187 3626 1244 3667 ut
1290 3618 1343 3667 iu

277 3694 549 3758 campanis
580 3688 959 3758 tormentisque
994 3691 1261 3757 ignivomis
1284 3692 1343 3742 fl-

279 3771 351 3817 eri
373 3770 536 3818 solet.
570 3768 746 3817 Simile
768 3768 886 3818 bule
907 3765 1018 3817 fere
1042 3773 1142 3833 est,
1164 3768 1215 3816 in
1241 3783 1343 3833 quo

277 3845 548 3906 plumbum
572 3843 920 3907 argentarium
957 3842 1231 3893 admisceri
1264 3857 1343 3893 so·

278 3919 423 3973 litum
447 3918 655 3967 Plinius
677 3918 864 3968 sithoc
887 3920 1000 3968 loco
1021 3935 1035 3966 ε
1072 3918 1209 3983 quod
1229 3917 1346 3982 ipse

279 3993 480 4042 idcirco
503 3993 520 4020 ‘
544 3993 720 4042 album
744 3991 845 4042 aes’
870 3995 1100 4056 appellat
1126 4007 1239 4043 xvr.
1258 3997 1341 4045 22.

337 4067 356 4112 l
386 4068 653 4132 For-mulis]
706 4066 791 4117 Ad
824 4066 1018 4118 formas
1055 4067 1339 4133 faciendas,

273 4157 395 4207 pour
405 4143 542 4203 faire
561 4146 645 4193 des
661 4146 852 4194 mm.

343 4217 369 4253 ¹¹
399 4220 524 4270 AEra
540 4217 753 4281 extersa]
784 4218 1022 4270 Totidem
1052 4219 1224 4270 verbis
1245 4217 1339 4269 Isi-

1424 3089 1580 3139 dorus
1599 3100 1719 3139 xvr.
1744 3092 1824 3137 19.

1490 3162 1505 3196 ¹
1537 3162 1736 3213 Servari
1757 3163 1835 3226 ea]
1870 3162 2103 3212 Isidorus
2125 3162 2241 3212 loco
2264 3162 2354 3213 cit.

1488 3247 1527 3272 ¹¹¹
1564 3239 1755 3288 Tabulis
1774 3240 1937 3303 oereis]
1974 3239 2181 3287 Priscus
2198 3237 2313 3289 illos
2335 3239 2489 3290 Grae-

1425 3327 1514 3363 cos
1552 3327 1614 3362 ac
1649 3313 1883 3375 Latinos,
1917 3314 2079 3377 leges,
2113 3311 2330 3379 foedera,
2364 3315 2488 3364 alis-

1426 3402 1527 3453 que
1565 3391 1619 3437 in
1656 3390 1770 3437 aeris
1794 3389 1980 3439 tabulis
2010 3389 2490 3453 insculpsisse,-trs·

1425 3465 1646 3514 lutitium
1690 3471 1790 3514 est.
1847 3464 2022 3514 Livius
2055 3477 2143 3514 m.
2166 3469 2248 3515 67.
2279 3466 2297 3492 ⁸
2322 3464 2487 3526 Leges

1424 3541 1839 3603 Decemvirales,
1880 3539 2065 3605 quibus
2112 3552 2218 3588 xn.
2272 3537 2486 3587 Tabulis

1423 3624 1509 3666 est
1540 3631 1726 3666 nomen
1761 3609 1997 3677 inditum,
2018 3616 2068 3664 in
2109 3630 2183 3664 aes
2202 3615 2410 3675 incisas,
2431 3615 2483 3662 iu

1424 3691 1633 3755 publico
1657 3688 2070 3755 proposuerunt?
2116 3689 2329 3739 Servius
2348 3688 2400 3736 in
2426 3690 2487 3736 il-

1421 3767 1512 3817 lud
1536 3767 1788 3829 Maronis,
1811 3764 2010 3815 AEneid.
2029 3777 2105 3813 vr.
2138 3766 2155 3792 ‘
2175 3763 2318 3813 Fixit
2341 3764 2483 3827 leges

1423 3843 1613 3906 pretio,
1648 3851 1807 3907 atque
1839 3839 2063 3891 refixitz’
2099 3845 2113 3868 ‘
2136 3840 2278 3889 Fixit
2310 3847 2485 3889 antem

1423 3917 1584 3982 ideo,'
1617 3918 1803 3981 inquit,
1839 3919 1856 3946 ‘
1883 3917 2003 3980 quia
2039 3914 2214 3965 incisa
2247 3916 2301 3965 iu
2336 3916 2485 3965 oereis

1403 3993 1618 4063 'tabulis
1638 3995 1782 4058 leges
1805 3990 2149 4054 affigebantur
2160 3989 2484 4054 parietibus?

1422 4067 1611 4117 Cicero
1633 4068 1826 4130 Philip.
1846 4079 1931 4116 ιιι.
1953 4069 2034 4115 36.
2067 4067 2084 4094 ⁸
2109 4064 2364 4116 Antonius
2385 4064 2483 4114 ssl-

1421 4157 1507 4193 sas
1528 4143 1674 4207 leges
1695 4142 1749 4191 in
1774 4155 1845 4189 oes
1867 4139 2166 4190 incidendas
2203 4145 2259 4189 et
2292 4141 2345 4189 in
2382 4141 2481 4190 Cs-

1423 4219 1606 4285 pitolio
1628 4216 1863 4283 figendas
1885 4216 2121 4265 curavit!
2169 4215 2310 4266 Hinc
2331 4223 2387 4266 et
2408 4215 2483 4264 le·
