3000 4917
828 393 1006 442 uxr.
1051 392 1253 442 ms'r.
1298 394 1441 443 ms.
1488 395 1813 446 xxxvn.
1857 383 1966 448 15.
2340 386 2515 454 4821

295 528 509 600 αὐτός
574 534 840 601 nonnisi
899 539 1491 617 excellentissimo,
1546 541 1846 607 natales.
1947 543 2326 611 Incudibus
2379 547 2518 612 him

294 634 903 721 deprehenduntur,
933 642 1028 705 ita
1052 643 1491 727 respuentes⁶
1531 646 1770 722 ictum,
1803 651 1877 708 ut
1904 645 2146 710 ferrum
2177 649 2516 734 utrimque

294 739 638 819 dissultat,
681 742 1097 827 incudesque
1145 748 1344 811 etiam
1392 748 1563 830 ipsae
1612 746 1973 812 dissiliant.
2065 747 2343 834 Quippe
2390 753 2548 817 du·,

289 838 500 906 titia¹²
547 841 1006 910 inenarrabilis
1051 854 1179 926 est,
1212 851 1541 934 simulque
1585 850 1840 932 ignium
1879 851 2125 916 victrix
2158 860 2413 931 natura,
2447 862 2519 920 et

290 938 645 1039 nunquam
718 946 1156 1013 incalescens.
1264 950 1465 1015 Unde
1538 958 1606 1016 et
1664 956 1906 1016 nomen
1928 960 1955 988 ⁰
2016 954 2349 1020 indomita
2407 958 2515 1022 vis

292 1044 557 1112 Graeca
613 1050 1196 1132 interpretatione⁷
1266 1055 1562 1136 accepit.
1689 1054 1936 1120 Unum·
1971 1075 2061 1120 ex
2119 1057 2209 1121 iis
2268 1067 2516 1125 vocant

292 1150 679 1228 cenchrem?
729 1152 909 1236 quod
958 1158 1063 1217 est
1110 1155 1281 1220 milii
1329 1156 1808 1236 magnitudine.
1912 1157 2223 1223 Alterum
2278 1159 2516 1227 Mace·

293 1249 716 1318 donicum'in
747 1255 1140 1340 Philippico
1169 1277 1331 1323 auro
1349 1266 1376 1305 ‘¹
1405 1267 1778 1341 repertum:
1825 1266 1892 1324 et
1919 1260 2031 1324 hic
2061 1268 2163 1327 est
2207 1263 2515 1328 cucumis

292 1353 541 1416 semini
586 1376 731 1439 par.
820 1358 993 1423 Post
1037 1359 1163 1424 hos
1211 1360 1501 1445 Cyprius
1529 1367 1812 1426 vocatur
1841 1362 1909 1425 in
1939 1361 2165 1446 Cypro
2193 1368 2514 1446 repertuS,

290 1472 587 1538 vergens
613 1459 684 1522 in
713 1458 965 1526 aerium
995 1463 1330 1539 colorem,r
1360 1462 1482 1527 sed
1515 1463 1584 1526 in
1613 1463 1970 1544 medicina,
1999 1471 2080 1528 ut
2119 1464 2471 1543 dicemus,⁸
2493 1473 2515 1501 ⁸

1222 1610 1588 1632 ”0000an

291 1702 548 1770 miremur,
571 1705 760 1757 desunt
785 1708 836 1757 in
862 1709 1113 1759 codd.—5
1141 1709 1272 1760 Cod.
1298 1711 1480 1760 Dalec.
1501 1714 1552 1758 et
1573 1709 1797 1758 similiter·
1817 1723 2031 1771 nuceas,
2053 1709 2237 1759 caeteris
2262 1710 2511 1775 pallidior,

291 1776 523 1828 argento,
543 1774 627 1832 dyc.
663 1788 814 1832 υπατος
860 1774 1092 1825 Gronov.
1118 1783 1173 1824 et
1196 1776 1372 1839 vulgg.
1404 1775 1592 1824 ceteris
1620 1776 1769 1836 pallor
1798 1775 1978 1835 gentis,
2015 1776 2098 1834 m.
2144 1775 2215 1824 al.
2257 1782 2387 1825 vett.
2425 1790 2513 1840 ap.

292 1832 494 1883 Dalec.
527 1836 699 1885 ceteris
728 1854 777 1901 p.
811 1839 998 1900 ingens,
1037 1843 1118 1901 διο.
1187 1842 1335 1896 Mox,
1358 1840 1481 1888 Vet.
1508 1840 1687 1888 Dalec.
1721 1840 1941 1897 πωπω,-
1991 1838 2225 1888 Gronov.
2257 1847 2313 1889 et
2335 1841 2515 1905 vulga.

289 1900 604 1949 natalia—6
638 1902 767 1951 Cod.
790 1904 976 1952 Dalec.
1010 1905 1087 1953 hic
1116 1904 1483 1966 deprehenditur
1504 1904 1576 1952 ita
1598 1917 1837 1965 respuens.
1901 1904 2048 1958 Mox,
2069 1909 2319 1966 utrumqne
2340 1905 2515 1956 dissu-

291 1964 451 2020 tetin
474 1965 663 2015 eodem
684 1968 980 2020 codice.—⁷
1017 1969 1146 2020 cod.
1171 1970 1357 2020 Dalec.
1390 1969 1825 2032 appellationes—8
1859 1967 2006 2018 Idem
2034 1969 2220 2025 codex,
2240 1972 2327 2020 sed
2345 1971 2397 2020 in
2417 1986 2517 2021 nse·

1297 2081 1514 2133 NOTAE

361 2175 392 2209 ¹¹
425 2177 668 2227 Similiter
687 2184 736 2228 et
765 2180 981 2243 nascens]
1017 2181 1132 2232 Hoc
1173 2188 1276 2244 cst,
1313 2188 1373 2232 ut

296 2250 540 2316 Indicus,
583 2267 687 2304 non
730 2255 784 2304 in
824 2271 948 2305 auro
1002 2272 1238 2320 nascens,
1277 2258 1371 2307 sed

298 2328 530 2392 quadam
553 2330 786 2393 crystalli
812 2333 1146 2396 cognatione.

365 2402 383 2436 ¹
419 2405 607 2454 Ceteris
617 2407 771 2469 pallor
791 2407 1004 2471 argenta]
1022 2407 1224 2459 Ceteris
1250 2408 1371 2458 ada·

300 2481 502 2530 mantis
539 2484 839 2548 generibus,
873 2493 1069 2549 praeter
1093 2486 1374 2537 Arabicum

299 2555 670 2623 Indiciumque,
694 2561 858 2622 pallor
878 2568 960 2611 est
979 2562 1203 2626 argenti,
1224 2569 1369 2613 nata·

300 2632 382 2679 les
423 2631 477 2681 in
521 2635 939 2685 excellentissimi
978 2637 1091 2686 auri
1130 2637 1368 2687 metallis.

299 2707 447 2756 Vide
472 2709 640 2760 Notas
662 2702 717 2760 'et
742 2711 958 2760 Emend.
981 2727 1120 2764 num.
1145 2716 1229 2762 11.

371 2789 409 2815 ¹³
442 2783 705 2834 Ine-adibus
734 2786 809 2849 hi]
842 2787 1160 2837 Marbodeus
1184 2787 1370 2838 Indico

299 2859 402 2908 soli
448 2861 580 2910 hanc
621 2863 796 2912 dotem
846 2865 1096 2927 assignat.
1164 2865 1370 2914 Solinus

303 2949 425 3000 cap.
441 2941 523 2986 62.
560 2952 679 3002 pag.
701 2943 784 2990 82.
818 2939 1002 2989 Iudico
1028 2950 1082 2990 et
1107 2941 1256 2990 alteri
1281 2956 1368 3004 ge-

301 3014 439 3078 neri,
481 3015 644 3079 cujus,
668 3016 869 3065 natales
915 3017 968 3065 in
1013 3030 1164 3065 auro:
1200 3017 1231 3076 ,⁴
1253 3017 1370 3066 Nec

301 3088 451 3139 ferro
473 3091 781 3148 vincuntur,'
798 3093 984 3157 inquit,
1002 3098 1016 3121 ⁶
1036 3106 1134 3142 nec
1149 3091 1270 3155 igne
1283 3093 1367 3141 do-

301 3165 553 3216 mantur.’

370 3250 398 3277 ¹¹
435 3244 620 3307 Quippe
633 3243 841 3307 duritia]
864 3244 998 3293 Haec
1017 3243 1234 3293 totidem
1258 3257 1368 3291 ver·

305 3317 390 3369 bis
408 3318 640 3369 Isidorus
662 3320 811 3384 Orig.
830 3334 953 3369 xvi.
973 3325 1053 3369 13.
1071 3321 1206 3369 Vide
1221 3333 1370 3383 egre-

306 3396 447 3458 giam
482 3395 550 3445 de
585 3410 650 3446 ea
681 3411 736 3446 re
769 3396 1208 3453 dissertationem,
1231 3394 1368 3457 apud

302 3471 591 3537 Theophyl.
623 3474 962 3523 Simocattam
983 3473 1141 3538 Phys.
1166 3475 1369 3525 Quaest.

305 3563 351 3598 1.
388 3549 574 3599 Nostri
599 3557 775 3600 tamen
796 3549 1100 3600 adamantes
1116 3550 1245 3599 adeo
1269 3563 1370 3599 nou

301 3626 472 3676 ictum
508 3627 681 3676 mallei
714 3635 988 3691 respuunt,
1024 3634 1081 3677 nt
1120 3627 1277 3676 etiam
1318 3628 1369 3675 iu

306 3702 520 3751 scobem
539 3701 779 3750 malleolo
812 3702 1134 3766 redigantur.
1202 3703 1371 3751 Facil-

306 3776 432 3826 lime
455 3790 579 3826 vero
605 3777 803 3840 pistillo
835 3775 1003 3827 ferreo
1035 3779 1088 3826 in
1124 3779 1372 3827 mortario

306 3851 572 3916 confringi
597 3860 651 3903 et
680 3854 838 3902 atteri
876 3855 1065 3911 solent,
1103 3861 1162 3904 ut
1193 3870 1370 3905 eorum

308 3931 466 3980 scobe
489 3929 789 3998 adamantes
812 3931 898 3980 alii
924 3931 1200 3994 poliantur.
1233 3931 1371 3981 Vide

308 4005 559 4058 Gareiam
585 4003 650 4054 ab
685 4004 858 4054 Horto
891 4006 944 4055 in
963 4005 1142 4056 Arom.
1165 4004 1304 4057 Hist.
1323 4020 1372 4056 c.

309 4087 397 4133 47.

372 4168 398 4193 ⁰
439 4158 579 4208 Unde
599 4163 648 4206 et
669 4158 857 4221 nomen]
878 4155 1097 4222 Ἀδάμας,
1123 4156 1217 4206 ἀπὸ
1236 4158 1325 4206 τοῦ
1341 4175 1373 4207 α

288 4228 387 4287 ’καὶ
433 4232 641 4297 δαμάζω,
676 4234 730 4283 id
765 4242 867 4292 est,
900 4236 1049 4293 domo,
1073 4234 1209 4300 quod
1243 4235 1370 4284 nulli

306 4314 546 4369 materiae
572 4311 746 4365 cedat.

1514 2187 1543 2221 Ρ
1578 2180 1845 2243 Cenchron]
1880 2179 1970 2231 Ita
1992 2179 2134 2229 clare
2158 2178 2307 2230 Colb.
2329 2183 2379 2230 8.
2399 2180 2512 2229 alii·

1446 2270 1549 2320 que
1574 2255 1708 2305 Mss.
1729 2264 1786 2305 et
1809 2257 1923 2319 typi
1947 2270 2144 2305 omnes.
2211 2255 2282 2304 Et
2306 2253 2515 2318 κέγχρος

1449 2331 1659 2395 quidem
1698 2332 1880 2381 milium
1925 2338 2093 2389 sonat,
2129 2332 2264 2381 unde
2302 2333 2354 2381 ei
2390 2332 2514 2382 ada·

1447 2408 1612 2457 manti
1650 2422 1855 2458 nomen.
1944 2408 2153 2458 Nodum
2212 2408 2406 2473 quaerit
2456 2409 2509 2459 in

1447 2483 1618 2548 scirpo
1652 2483 1932 2534 Salmasius
1952 2483 2006 2532 in
2028 2484 2190 2535 Solin.
2214 2498 2334 2548 pag.
2362 2488 2511 2535 1⁰⁷4.

1445 2560 1533 2625 qni
1547 2564 1741 2610 oentron
1757 2570 2013 2623 reponere
2031 2566 2268 2622 conatur,
2287 2559 2385 2609 hoc
2408 2567 2512 2621 est,

1447 2642 1706 2698 centrum,
1740 2651 1831 2686 seu
1855 2635 2044 2685 nodum
2082 2635 2398 2684 nodossmve
2416 2634 2510 2683 du-

1447 2713 1640 2776 ritiem,
1674 2727 1787 2777 quae
1822 2712 1875 2761 in
1913 2711 2129 2775 gemmis
2153 2711 2417 2775 reperitur
2439 2711 2513 2760 in-

1449 2788 1675 2837 terdum.
1699 2810 1711 2821 ’

1508 2872 1533 2906 ‘1
1564 2863 1628 2912 In
1671 2862 1945 2926 Philippico
1984 2860 2123 2924 auro]
2173 2861 2240 2910 In
2284 2860 2509 2911 metallis

1446 2940 1682 2999 aurariis,
1705 2955 1818 3004 quae
1835 2948 1952 2988 sunt
1973 2940 2024 2988 in
2042 2937 2370 3001 Philippensi
2396 2928 2511 2988 Μί-

1446 3016 1681 3065 cedoniae
1697 3027 1841 3081 agro.
1874 3014 1937 3063 In
1957 3012 2206 3069 ferrariis,
2219 3012 2353 3062 dixit
2368 3004 2510 3064 Marss

1448 3093 1643 3144 bodens
1663 3092 1763 3142 loc.
1784 3092 1878 3140 cit.
1913 3098 1928 3120 ⁸
1946 3090 2156 3140 Tertius
2180 3097 2263 3140 est
2281 3090 2508 3156 adamas,

1445 3182 1598 3232 quem
1621 3167 1713 3216 dat
1728 3165 1885 3215 maris
1902 3165 2068 3215 insula
2082 3166 2306 3229 Cypros.
2341 3166 2514 3218 Quar-

1447 3253 1556 3294 tum
1596 3241 1838 3307 producit
1877 3239 2095 3289 ferraria
2140 3254 2272 3290 vena
2310 3241 2510 3305 Philip-

1446 3320 1561 3387 pis.'
1626 3318 1702 3370 At
1723 3318 1875 3374 falso,
1894 3333 2008 3367 cum
2031 3317 2110 3366 his
2128 3319 2397 3383 generibus
2418 3333 2510 3368 na-

1448 3398 1579 3447 tales
1602 3397 1654 3446 in
1679 3409 1804 3445 auro
1824 3409 1938 3443 esse
1962 3393 2165 3443 Plinius
2190 3409 2512 3458 praemonue.

1447 3475 1531 3524 rit.
1595 3473 1694 3522 Sed
1732 3472 1961 3521 Solinum
2014 3471 2099 3519 ille
2155 3471 2508 3536 transcripsit,

1447 3550 1536 3615 qui
1557 3557 1793 3614 quartum
1818 3547 2059 3596 similiter
2082 3562 2242 3610 genus
2266 3549 2509 3597 adaman·

1446 3627 1512 3675 tis
1549 3625 1775 3675 metallis
1816 3621 2050 3671 ferrariis
2085 3622 2368 3686 adjudicat,
2401 3637 2505 3672 non

1448 3709 1623 3750 tamen
1663 3697 2092 3762 Philippensibus
2118 3714 2132 3745 z
2181 3712 2296 3746 cum
2336 3711 2508 3762 neque

1444 3778 1497 3827 in
1518 3778 1651 3839 ullis,
1674 3784 1732 3825 ut
1751 3788 1869 3825 mox
1887 3775 2138 3835 dicemus,
2158 3773 2373 3837 reperiri
2389 3788 2507 3839 pos·

1446 3854 1533 3902 sit.

1511 3937 1532 3964 ¹
1564 3929 1627 3978 Iu
1647 3928 1829 3977 aerium
1848 3926 2069 3989 colorem]
2086 3925 2186 3974 Vel
2208 3928 2507 3983 coeruleum,

1449 4005 1533 4054 vel
1576 4005 1630 4053 in
1670 4002 1989 4053 translucido
2035 3999 2303 4065 liquidum.
2370 4000 2508 4052 Vide

1449 4083 1619 4134 Notas
1644 4088 1699 4130 et
1724 4079 1941 4129 Emend.
1965 4091 2102 4127 num.
2129 4080 2206 4127 1⁰.

1518 4167 1537 4191 ·
1576 4159 1645 4208 Ut
1666 4156 1892 4222 dicemus]
1907 4155 2013 4205 Sub
2036 4153 2232 4204 calcem
2250 4152 2406 4217 hujus
2422 4166 2507 4203 ca·

1451 4234 1593 4300 pitis.
