3000 4917
575 1030 1137 1155 INDEX
1281 1056 2231 1211 AUCTORUM

684 1352 822 1404 om
856 1355 999 1406 vm.
1031 1356 1116 1407 m
1151 1357 1414 1411 mmm-3
1445 1362 1589 1422 vm.
1620 1340 1823 1415 ‘roro
1851 1364 2097 1416 omns:

844 1542 847 1547 Α
925 1498 983 1548 Α,
1004 1500 1266 1552 Pmmo
1300 1501 1853 1556 APPELLANTUR.

1282 1962 1419 2011 ·Α.

288 2045 535 2132 Accius,
569 2074 702 2141 sive,
736 2081 795 2126 nt
827 2075 914 2125 alii
949 2075 1166 2138 malunt,
1197 2075 1397 2126 Attius.-
1433 2081 1703 2141 utramque
1737 2076 2046 2141 scripturam
2082 2076 2376 2141 approbant
2408 2079 2485 2127 in·

286 2156 602 2219 scriptiones
644 2163 850 2206 veteres
885 2157 1024 2220 apud
1064 2157 1365 2206 Gruterum.
1429 2155 1746 2206 Praenomeu
1783 2157 1834 2205 ei
1873 2156 2065 2207 Lucius
2101 2156 2221 2207 fuit.
2287 2159 2491 2208 Floruit

288 2235 505 2299 Olymp.
526 2248 655 2286 cmx.
680 2250 814 2286 anno
837 2237 903 2286 U.
926 2237 986 2287 C.
1012 2249 1184 2286 nour.
1205 2236 1332 2286 belli
1364 2237 1669 2288 Numantini
1700 2237 2036 2300 temporibus.
2100 2237 2489 2301 Tragoediarum

288 2314 518 2378 scriptor
552 2315 690 2364 baud
734 2315 995 2380 ignobilis.
1059 2316 1292 2366 Pacuvio
1326 2316 1455 2376 seui,
1487 2316 1602 2380 ipse
1638 2321 1721 2366 60.
1756 2317 1904 2367 anuis
1934 2317 2134 2382 junior,
2155 2333 2251 2367 sua
2285 2318 2488 2380 scripta

288 2394 510 2446 Tarenti
534 2395 790 2447 recitavit.
857 2395 1123 2447 Laudatur
1145 2396 1335 2448 Accius
1359 2397 1411 2446 in
1432 2396 1776 2461 Pragmaticis
1800 2414 1831 2447 a
1863 2398 2036 2449 Gellio
2058 2412 2160 2449 xx.
2185 2401 2233 2448 8.
2268 2413 2320 2462 p.
2343 2401 2489 2447 1110.

288 2474 428 2537 qnod
456 2489 586 2539 opus
609 2476 735 2526 illud
758 2478 924 2540 ipsum
948 2485 1048 2539 est,
1083 2477 1220 2541 quod
1256 2491 1287 2526 a
1309 2476 1480 2526 Plinio
1504 2477 1837 2527 Praxidicum
1860 2477 2169 2541 appellatur,
2190 2481 2299 2526 tum
2322 2475 2376 2525 in
2397 2475 2488 2526 In·

287 2554 406 2603 dice
426 2555 516 2605 lib.
542 2570 709 2607 xvm.
735 2566 845 2607 tum
885 2571 1003 2620 cap.
1033 2561 1116 2606 55.
1150 2555 1379 2620 ejusdem
1417 2555 1557 2606 libri.
1620 2557 1847 2621 Scripsit
1886 2565 1944 2606 et
1972 2556 2202 2606 Annales
2236 2556 2487 2611 carmine.

287 2648 504 2697 quornm
527 2636 823 2687 Macrobius
847 2637 1082 2687 meminit
1103 2632 1313 2689 Saturn'.
1335 2641 1444 2688 ι.7.
1467 2653 1520 2705 p.
1540 2641 1658 2689 221.
1714 2637 1913 2687 Horum
1933 2637 2120 2687 librum
2143 2648 2331 2687 xxvn.
2355 2637 2489 2686 citat

291 2715 497 2777 Festus,
519 2715 676 2766 verbo
698 2716 715 2744 ‘
736 2717 974 2767 Metelli)
1109 2707 1118 2717 '

353 2795 532 2846 Accius
553 2798 776 2848 Plautus.
837 2797 975 2848 vide
997 2799 1222 2849 Plautus.

355 2879 484 2927 Acta
510 2877 886 2941 ffimphorum.
953 2879 1212 2929 Videntur
1235 2892 1346 2928 esse
1368 2892 1447 2929 eae
1468 2877 1680 2928 Tabnlae
1704 2879 2013 2931 Consulares
2035 2885 2091 2930 et
2109 2877 2489 2941 Triumphales,

291 2971 508 3021 quarum
530 2955 824 3022 fragmenta
844 2966 1032 3009 extant
1053 2960 1188 3024 apud
1224 2958 1554 3024 onuphrium
1586 2959 1912 3010 Panviuium.
1978 2959 2262 3010 Auctorem
2284 2958 2491 3006 illarum

288 3045 415 3087 sunt
444 3039 530 3104 qui
565 3039 805 3089 Verrium
845 3039 1087 3089 Flaccum
1122 3045 1331 3103 putent,
1369 3038 1436 3088 de
1473 3052 1579 3103 quo
1610 3052 1703 3088 nos
1744 3036 1990 3111 inferius:
2036 3036 2138 3088 etsi
2170 3036 2259 3085 ille
2293 3031 2492 3084 Tiberii
2561 3100 2566 3109 ἡ

288 3117 583 3182 principatu
606 3118 752 3169 obiit.

356 3197 486 3251 Atta
505 3198 682 3262 Populi
702 3199 845 3249 Runa.
910 3199 1025 3250 Lib.
1048 3213 1172 3249 vm.
1196 3212 1315 3262 cap.
1335 3200 1420 3248 ol.
1468 3199 1609 3248 Acta
1625 3197 1852 3247 Senatus
1871 3194 2049 3246 laudat
2071 3194 2279 3246 Sueton.
2302 3193 2356 3244 in
2381 3191 2489 3242 Au-

212 3347 215 3351 <
291 3284 466 3345 gusto,
483 3293 531 3328 c.
552 3284 601 3329 5.
633 3277 771 3330 Acta
792 3278 1018 3344 publica,
1040 3280 1094 3329 in
1116 3273 1370 3344 Caligula,
1385 3293 1432 3329 c.
1457 3283 1507 3330 8.

355 3360 486 3408 Acts
507 3362 768 3424 temporum
788 3360 1018 3422 Augusti.
1084 3359 1196 3409 Lib.
1215 3372 1318 3408 vn.
1341 3371 1460 3421 cap.
1479 3360 1563 3407 11.

292 3476 297 3485 .
357 3438 666 3491 Adimantus.
682 3474 693 3479 -
729 3439 1029 3502 Ἀδείμαντος
1044 3438 1289 3491 Straboni
1307 3437 1398 3487 lib.
1421 3451 1563 3490 1111„
1576 3452 1626 3502 p.
1647 3440 1763 3487 689.
1825 3436 2010 3487 Patria
2027 3435 2422 3499 Lampsacenus.

355 3522 521 3573 AElius
542 3521 688 3572 Stilo.
751 3522 1029 3571 Hominem
1069 3520 1298 3574 doctum,
1340 3528 1399 3570 et
1434 3518 1686 3568 Varronis
1728 3518 2042 3581 Magistrum
2084 3516 2315 3579 appellat
2353 3515 2488 3565 huuc

290 3603 495 3654 Gellius
518 3615 634 3652 xvx.
658 3606 706 3652 8.
731 3616 783 3666 p.
803 3606 918 3652 888.
943 3610 997 3651 et
1021 3601 1287 3664 Sosipater
1305 3599 1400 3651 lib.
1422 3612 1462 3649 ι.
1488 3615 1539 3664 p.
1559 3604 1641 3651 64.
1705 3600 1836 3648 Eum
1867 3597 2052 3647 Cicero
2076 3595 2376 3645 adolescens
2399 3609 2489 3643 au·

289 3685 440 3735 divit.
508 3684 819 3733 Praenomeu
856 3680 909 3733 ei
946 3683 1136 3733 Lucius
1165 3683 1299 3732 fuit:
1333 3693 1620 3745 cognomen
1656 3679 1867 3742 duplex,
1890 3684 2024 3726 teste
2055 3674 2305 3726 Suetonio
2327 3674 2395 3722 de
2417 3672 2486 3721 11-

291 3769 441 3816 lustr.
464 3765 695 3814 Gramm.
718 3778 767 3815 c.
789 3768 839 3814 8.
861 3777 914 3827 p.
939 3767 1051 3826 119.
1084 3764 1222 3813 Nam
1244 3771 1300 3813 et
1322 3761 1677 3816 Paconium,
1701 3758 1838 3823 quod
1860 3764 2013 3820 pater
2027 3755 2149 3817 eius
2169 3753 2488 3817 pra-,conium

287 3845 505 3900 fecerat,
521 3845 616 3894 boc
635 3851 733 3908 est,
755 3856 926 3907 praeco
940 3843 1132 3908 fuerat,
1154 3842 1468 3892 vocabatur:
1505 3847 1562 3890 et
1579 3840 1713 3889 Stilo
1734 3837 1844 3886 sive
1860 3834 2026 3900 Stylo,
2048 3833 2186 3898 quod
2205 3832 2488 3882 Orationes

292 3926 614 3976 nobilissimo
635 3925 826 3989 cuique
850 3924 1078 3974 scribere
1102 3922 1319 3972 solebat.
1385 3919 1629 3970 Meminit
1659 3918 1927 3979 utriusque
1950 3913 2267 3978 cognominis
2288 3913 2489 3962 Plinius

292 4020 506 4056 xxxin.
524 4010 576 4054 6.
612 4005 812 4054 Passim
834 4020 866 4053 a
889 4004 1047 4053 Festo
1068 4004 1276 4053 citatur.
1519 4020 1524 4023 Α

359 4088 536 4137 AElius.
578 4085 667 4134 .1n
691 4085 872 4135 Indice
896 4085 984 4134 lib.
1008 4097 1127 4134 xrv.
1153 4091 1208 4132 et
1242 4097 1336 4133 xv.
1372 4089 1427 4130 et
1461 4093 1584 4130 xiv.
1621 4082 1701 4129 16.
1736 4084 1840 4127 tres
1875 4072 2240 4127 Jurisconsulti
2274 4073 2426 4125 simul
2455 4090 2491 4125 a

291 4167 461 4216 Plinio
486 4172 856 4223 memorantur,
876 4165 1124 4228 Scoevola,
1147 4162 1328 4220 AElius,
1353 4161 1564 4211 Atreius
1589 4158 1804 4222 Capito:
1840 4169 2055 4221 quorum
2082 4152 2314 4204 meminit
2331 4154 2487 4204 Pom-

289 4248 496 4312 ponius,
521 4246 640 4311 Dig.
678 4259 717 4296 ι.
751 4246 835 4296 tit.
876 4247 941 4295 de
980 4245 1197 4309 Origine
1233 4242 1397 4296 Juris.
1465 4241 1657 4289 Sextus
1682 4237 1842 4288 AElius
1865 4236 1947 4287 hic
1973 4240 2201 4285 vocatur.
2268 4233 2488 4298 Scripsit
