3000 4917
717 393 782 440 c.
829 388 1070 439 pmuu
1122 388 1452 440 aeonum
1508 389 1653 438 mn.
1702 391 1786 439 ιι.
1830 375 2003 460 (12.)

336 536 433 584 Illo
455 534 668 598 regerat]
690 534 933 596 Berosus,
948 536 1162 581 auctore
1180 531 1331 581 Cleo·

260 611 444 673 mede,
468 618 626 673 atque
642 610 804 658 etiarn
819 609 1108 669 Vitruvius,
1125 606 1333 670 putavit

261 686 435 736 Lunae
459 700 647 749 corpus
677 686 834 748 pilam
857 699 972 735 esse
993 684 1160 746 altera
1183 690 1334 747 parte

266 760 609 818 candentem,
626 762 792 809 altera
807 760 1104 823 caeruleam,
1122 760 1334 823 ejusque

260 837 589 888 manationes
604 836 719 887 fieri
745 843 903 899 prout
914 837 1076 900 magis
1101 836 1335 885 minusve

266 926 305 963 n
336 912 458 960 Sole
493 910 796 975 corripitur.
862 909 996 959 Vide
1020 910 1230 960 vitruv.
1255 924 1338 962 rx.

264 990 324 1035 4.
361 988 518 1038 Idem.

338 1064 555 1112 Humor-e
594 1069 782 1113 terreno
817 1063 972 1126 pexi]
1026 1062 1112 1112 Sic
1136 1060 1268 1112 iufra
1291 1076 1337 1111 c.

267 1143 356 1190 68.
390 1140 542 1203 liujus
577 1139 667 1188 lib.
714 1140 781 1188 de
815 1139 1062 1189 Oceano:
1120 1138 1339 1189 ‘Sidera

266 1216 391 1278 ipsa
427 1221 506 1263 tot
545 1221 600 1264 et
639 1223 798 1264 tantae
834 1214 1200 1277 magnitudinis
1223 1229 1338 1276 pas·

270 1289 441 1341 oeus?
507 1290 753 1353 Ejusdem
774 1290 1030 1352 opinionis
1051 1288 1151 1340 fuit
1174 1296 1229 1339 et
1246 1290 1339 1339 Se-

265 1382 403 1417 neca
426 1368 626 1418 Quoest.
652 1367 775 1417 Nat.
800 1380 864 1415 11.
887 1372 936 1414 5.
970 1367 985 1393 ‘
1008 1366 1087 1415 Ex
1118 1366 1250 1416 coelo
1283 1373 1338 1416 et

268 1451 430 1500 terra,
458 1443 705 1492 alimenta
744 1440 982 1491 omnibus
1013 1440 1339 1504 animalibus,

267 1518 510 1579 dumibus
544 1517 691 1577 satis,
733 1516 968 1564 omuibus
1004 1515 1170 1564 stellis
1212 1515 1339 1563 divi-

268 1593 483 1642 duntur.
552 1591 831 1641 Profertur
866 1605 966 1655 quo
988 1590 1340 1640 sustineantur

271 1679 354 1720 tot
378 1671 571 1733 sidera,
594 1676 699 1719 tam
732 1671 1034 1728 exercitata,
1058 1675 1163 1718 tam
1190 1668 1340 1717 avida

270 1760 371 1809 per
391 1746 527 1795 diem
554 1752 881 1807 noctemque,
905 1752 964 1791 ut
986 1743 1036 1792 in
1062 1756 1242 1805 opere,
1263 1742 1339 1791 ita

271 1823 325 1874 in
363 1821 551 1883 pastu-⁹
605 1823 819 1871 Lucret.
850 1818 1038 1868 ‘Unde
1072 1820 1237 1868 aether
1272 1819 1339 1868 si·

272 1899 400 1948 dera
419 1896 624 1962 pascit.’
668 1898 868 1948 Lucan.
901 1897 916 1921 ‘
940 1896 988 1945 N
994 1910 1054 1945 ec
1076 1910 1175 1945 non
1203 1896 1340 1945 Oce·

274 1989 376 2032 auo
395 1976 536 2038 pasci
556 1973 906 2038 Phoebumque
923 1973 1197 2036 polumque
1215 1973 1339 2022 Cre·

273 2050 483 2100 dimus!
520 2051 672 2100 Idem.
875 2057 880 2068 “

347 2127 481 2181 Quia
516 2126 625 2175 orbe
661 2125 860 2175 dimidio
894 2140 1223 2187 nonnunquam
1243 2140 1341 2174 mu·

274 2204 437 2251 culoso
473 2200 720 2263 cernatur]
755 2193 931 2250 Minus
971 2202 1105 2250 male
1140 2201 1342 2262 legetur

274 2287 596 2334 commutato
631 2278 920 2342 negationis
944 2279 1075 2332 loco,
1107 2293 1343 2339 nunquam

272 2372 370 2407 non
387 2358 623 2405 maculosa
644 2360 883 2410 cernatur,
906 2354 1002 2403 lioc
1025 2360 1128 2413 est,
1148 2368 1247 2402 non
1265 2354 1340 2402 ni·

270 2433 347 2482 hil
371 2433 648 2491 maculosa,
670 2446 771 2481 non
799 2432 847 2480 in
873 2437 1058 2495 totum,
1082 2444 1185 2495 qua
1219 2432 1341 2480 sub·

266 2508 447 2571 jungit
465 2508 683 2556 ratione.
717 2506 939 2554 Pintian.

341 2584 563 2633 Maculas
583 2582 726 2644 eninr,
760 2582 868 2645 ‹isc-J
918 2581 1101 2632 Poetoe
1138 2580 1338 2644 fingunt

275 2662 507 2711 maculas
545 2660 659 2709 illas
692 2674 805 2709 esse
828 2672 1065 2722 puerum,
1086 2673 1238 2722 quem
1262 2658 1338 2707 di-

273 2738 680 2802 lectumrsecum
717 2736 865 2785 Luna
902 2734 1061 2797 ferat,
1099 2749 1205 2798 proe
1247 2751 1339 2799 pu·

277 2813 408 2863 dore
430 2812 617 2862 faciem
640 2812 915 2861 celantem.
950 2813 1188 2860 Valerius
1208 2813 1339 2862 Cato

276 2890 333 2939 in
359 2888 535 2937 Dirisz
572 2887 785 2937 ‘Sidera
825 2901 921 2950 per
956 2887 1173 2937 viridem
1200 2887 1342 2938 rede·

276 2973 379 3014 unt
411 2978 529 3013 cum
565 2962 761 3027 pallida
794 2963 1060 3024 mundum,
1081 2962 1244 3027 Inque
1270 2965 1341 3012 vi-

278 3057 394 3095 cem
438 3050 744 3103 excurrunt,
789 3049 911 3091 tunc
964 3056 1148 3092 aurens
1200 3042 1340 3091 orbis

276 3118 487 3183 ephebi,
511 3115 677 3175 Luna}
700 3117 776 3167 tui
800 3124 970 3167 tecum
996 3124 1096 3179 est,
1117 3132 1210 3167 cur
1238 3132 1340 3166 non

278 3205 360 3246 est
397 3203 452 3245 et
487 3209 602 3244 mea
624 3209 824 3243 mecum
842 3192 877 3243 ?’
944 3192 1100 3256 Apud
1136 3196 1341 3243 Plutar-

279 3271 842 3333 clium.Agesiauarum
884 3269 1083 3320 Poeta:
1120 3270 1223 3332 περὶ
1256 3273 1342 3318 τοῦ

277 3346 527 3410 προσώπου
568 3343 905 3408 ἐμφαινομένου
949 3345 1000 3394 ἐν
1048 3342 1205 3406 κύκλῳ
1255 3349 1341 3403 τῆς

279 3424 498 3483 σολήνης·
535 3424 677 3472 Πᾶσα
696 3419 783 3479 μὲν
801 3420 884 3479 ἥδε
916 3420 1049 3484 πέριξ
1080 3420 1189 3484 πυρὶ
1216 3420 1339 3483 λάμ-

277 3520 439 3561 πεται,
470 3501 522 3550 ἐν
543 3500 581 3547 δ’
603 3498 693 3561 ἄρα
714 3496 869 3563 μέσσῃ
893 3496 1215 3559 Γλαυκότερον
1229 3500 1340 3548 xvd-

279 3597 377 3628 κιο
419 3575 658 3639 φαείνεται
694 3575 809 3633 nure
847 3576 1009 3638 κοῦρος
1035 3574 1231 3636 Ὄμμας
1264 3576 1341 3626 καὶ

281 3654 401 3719 ὑγρὰ
430 3652 625 3715 μέτωπα
647 3653 686 3701 δ’
712 3649 883 3714 ἕρεύθει
910 3650 1020 3702 ἔνθα
1059 3648 1200 3702 ἔοικε.
1237 3653 1341 3702 Da·

282 3732 371 3782 lec.

316 3811 449 3860 CAP.
473 3821 532 3858 x.
588 3808 667 3860 De
691 3805 900 3866 Desectu
920 3804 1053 3854 Solio
1072 3809 1119 3854 et
1138 3805 1308 3861 Lunoe,

654 3887 703 3930 et
721 3883 781 3934 de
807 3882 972 3930 Nocte.

347 3960 495 4010 Aliud
516 3971 616 4005 esse
641 3961 840 4011 noctem,
856 3954 963 4018 &cd
1002 3956 1188 4007 Noctis
1212 3972 1341 4020 prae·

284 4036 445 4085 sidem
466 4036 653 4093 Deum,
671 4032 1001 4096 Nocturnum
1022 4032 1233 4082 Plautus
1251 4048 1342 4096 ap-

288 4103 445 4177 pellat
469 4110 522 4159 in
546 4106 924 4170 Amphitryone
942 4124 972 4155 :-
991 4108 1005 4133 ‘
1023 4107 1181 4159 Certe
1204 4111 1342 4159 aede-

287 4188 520 4253 palacio,
544 4186 586 4234 si
622 4184 896 4249 quicquam
932 4192 1014 4233 est
1054 4186 1190 4248 quod
1235 4200 1342 4236 cre·

289 4267 423 4330 dam,
450 4269 540 4313 aut
558 4268 705 4313 certo
733 4260 909 4325 seiam„
932 4261 1101 4312 Credo
1121 4276 1221 4326 ego
1241 4263 1339 4314 hac

2300 381 2471 446 4967

1407 536 1564 581 noctu
1578 531 1904 584 Nocturnum
1912 531 2232 586 obdormisse
2242 534 2478 585 ebrium)

1410 605 1561 655 Idem
1607 607 1657 658 in
1706 606 1952 656 Bacchid.
2002 608 2322 670 ιἱῙιιΙιιιιιιιιι,
2362 612 2473 672 Sol,

1409 682 1557 744 Diesj
1592 691 1647 733 et
1682 684 1847 745 Luna,
1868 683 1967 731 Dei
2001 691 2240 748 quatuor,
2273 687 2479 737 Sceles-

1412 759 1599 809 tiorem
1621 759 1821 809 nullum
1845 759 2060 810 illuxere
2078 762 2334 814 alterum!
2369 764 2475 813 Da·

1417 836 1506 884 lec.

1477 911 1708 961 Macrone
1741 916 1929 961 tantum
1961 912 2182 974 ingruat]
2230 913 2332 964 Hic
2364 929 2475 969 mo·>

1413 986 1617 1036 nendus
1654 993 1734 1035 est
1778 987 1985 1050 Lector,
2020 988 2244 1037 Plinium
2287 1004 2474 1053 sequu-

1412 1068 1523 1111 tum
1547 1061 1798 1125 quoadam
1835 1062 1921 1127 qui
1954 1063 2220 1127 eclipsiuni
2246 1065 2474 1114 rationes
2555 1093 2565 1100 =

1413 1152 1517 1187 non
1555 1139 1944 1203 intellexerunt,
1981 1147 2036 1188 et
2069 1140 2189 1189 ideo
2227 1156 2341 1190 cum
2375 1143 2474 1191 illis

1415 1215 1642 1280 turpiter
1666 1228 1884 1266 errasse.
1953 1215 2112 1265 Haud
2135 1217 2270 1265 enim
2297 1231 2472 1266 verum

1416 1298 1496 1340 est
1523 1290 1751 1340 umbram
1786 1305 2030 1341 mucrone
2061 1298 2260 1341 tantum
2296 1293 2347 1341 in
2373 1294 2474 1343 Lu·

1415 1380 1534 1416 nam
1558 1368 1804 1417 incidere.
1840 1368 1957 1417 Hoc
1979 1367 2114 1416 enim
2140 1368 2290 1417 modo
2307 1368 2478 1431 fieret,

1415 1453 1473 1493 ut
1497 1458 1601 1493 non
1625 1446 1738 1507 plus
1774 1458 1876 1492 uno
1917 1450 2112 1506 puncto
2149 1444 2215 1492 de
2252 1459 2472 1508 corpore

1413 1519 1582 1568 lunari
1609 1520 1886 1569 obscurare
1907 1528 2104 1582 posset,
2127 1527 2375 1583 quantum
2401 1521 2474 1569 vi·

1414 1594 1611 1646 delicet
1649 1609 1848 1657 mucro,
1887 1610 1982 1645 seu
2005 1595 2143 1643 acies
2166 1596 2479 1644 contineret.-

1415 1672 1567 1724 Quod
1591 1671 1776 1722 falstun
1813 1686 1926 1720 esse
1962 1672 2289 1735 experientia
2314 1681 2476 1721 testa·

1416 1756 1537 1800 tur:
1562 1748 1811 1812 siquidem
1832 1753 1992 1796 totam
2012 1747 2212 1796 Lunam
2231 1746 2482 1809 deficere,

1414 1831 1573 1889 atque
1585 1824 1742 1874 etiam
1762 1821 2055 1886 aliquandiu
2073 1821 2318 1871 inumbra
2336 1837 2476 1871 com-

1415 1898 1624 1962 morari,
1666 1898 1748 1947 vel
1799 1897 1913 1946 rudi
1960 1896 2112 1958 vulgo
2161 1905 2335 1947 notum
2378 1908 2475 1948 est.

1415 1974 1532 2024 Hac
1544 1974 1608 2023 de
1623 1989 1677 2023 re
1695 1972 1811 2023 vide
1827 1973 2014 2025 Jacobi
2033 1973 2250 2022 Milichii
2266 1974 2314 2021 in
2335 1973 2472 2024 hunc

1415 2050 1697 2102 secundum
1718 2050 1904 2100 librum
1930 2050 2315 2099 commentaria.
2351 2051 2429 2099 Id.

1484 2125 1794 2189 Obscuretur]
1827 2125 1980 2173 Ratio
2013 2131 2110 2180 est,
2146 2126 2267 2188 quia
2295 2126 2472 2175 Venus

1415 2212 1471 2251 et
1494 2201 1790 2251 Mercurius
1811 2214 2070 2263 nunquam
2088 2207 2189 2247 tam
2215 2201 2369 2263 longe
2393 2215 2473 2250 re-

1416 2279 1612 2327 cedunt
1650 2293 1680 2325 a
1719 2278 1826 2326 sole
1859 2284 1914 2325 ut
1950 2276 2213 2325 obscurati
2255 2278 2471 2340 possint.

1415 2355 1562 2404 Idem.

1432 2463 1438 2470 -
1479 2430 1747 2495 Servulis,
1781 2427 1890 2493 δῖα]
1942 2430 2060 2479 Hoc
2099 2437 2178 2479 est
2217 2430 2267 2477 in
2299 2430 2471 2493 capite

1414 2514 1470 2557 et
1492 2508 1657 2557 cauda
1681 2506 1952 2558 Draconis.
1985 2506 2133 2555 Idem.
2200 2564 2203 2567 ,

1479 2585 1614 2634 esp·
1628 2598 1714 2633 xr-
1750 2584 1830 2633 De
1848 2583 2052 2632 siderum
2073 2582 2418 2645 magnitudine.

1478 2660 1540 2709 Si
1561 2666 1690 2709 terra
1708 2658 1989 2722 mqior,&c.]
2019 2658 2151 2707 Haec
2175 2659 2227 2705 in
2252 2658 2473 2710 Euclide

1413 2736 1569 2788 latius
1595 2742 1822 2786 tractata
1851 2736 2026 2785 videre
2060 2734 2256 2798 poterit
2277 2735 2472 2784 studio-

1415 2828 1501 2864 sus
1523 2814 1704 2864 lector.
1740 2811 1891 2861 Idem.

1479 2889 1762 2938 Immensum
1775 2903 1875 2937 esse
1890 2891 2095 2946 constat,
2110 2888 2220 2950 quia
2236 2886 2474 2948 arborum,

1412 2966 1521 3029 sse]
1553 2966 1784 3015 Verbum
1807 2969 2009 3021 condat,
2030 2963 2165 3026 quod
2187 2965 2240 3012 in
2265 2963 2378 3013 aliis
2398 2978 2472 3013 re·

1417 3043 1636 3106 peritur,
1672 3039 1968 3091 ‘redundan
2038 3037 2284 3088 Refertur
2336 3041 2470 3089 enim

1414 3118 1529 3168 hoec
1562 3124 1675 3166 tota
1710 3116 1880 3164 oratio
1912 3114 1976 3163 ad
2019 3114 2315 3177 praecedens
2356 3130 2472 3164 ver-

1415 3193 1556 3256 bum,
1591 3192 1822 3255 aperitur,
1843 3197 1896 3238 et
1925 3177 2006 3252 oui
2026 3189 2252 3237 arborum.
2281 3189 2473 3238 liabent

1413 3277 1614 3320 veteres
1646 3268 1870 3322 codices,
1906 3281 2007 3315 non
2049 3265 2193 3328 quia.-
2235 3266 2468 3320 scribaA

1413 3345 1618 3394 literam
1637 3341 1934 3406 geminavit.
1971 3341 2210 3389 Gelenius.
2278 3367 2283 3370 Δ

1480 3422 1697 3471 Mentem
1715 3419 1851 3468 Idam
1866 3418 2100 3475 exoriens,
2117 3416 2222 3478 ξω]
2243 3417 2475 3466 Doctiss.

1410 3497 1606 3561 poeta.
1654 3495 1912 3556 ‘Jamque
1939 3493 2080 3556 jugis
2117 3508 2325 3541 summae
2360 3508 2471 3541 sur-

1416 3574 1572 3638 gebat
1595 3570 1806 3624 Lucifer
1830 3570 1978 3620 Idae!
2010 3570 2178 3618 Dalec.
2250 3573 2257 3580 “

1481 3648 1959 3713 Namquecum‚85c.]
1993 3647 2188 3694 Theon.
2207 3644 2366 3693 Praef.
2388 3660 2470 3693 su-

1401 3719 1512 3789 'per
1536 3726 1740 3776 Euclid.
1759 3724 1950 3787 optica.
1985 3721 2184 3785 Magin.
2230 3722 2469 3771 Theoric.

1417 3816 1480 3853 ιι.
1504 3808 1584 3853 24.
1620 3804 1769 3851 Idm.

1503 3878 1637 3927 cn».
1661 3890 1766 3925 xu.
1818 3877 1938 3931 Quoe
1958 3876 2062 3937 quis
2083 3874 2314 3926 invenerit
2332 3876 2384 3924 in

1673 3953 1990 4002 observatione
2019 3950 2211 3999 coelesti.

1488 4031 1710 4089 Defectus
1763 4025 2029 4090 utriusque]
2105 4024 2242 4078 Vide
2294 4025 2467 4075 Valor.

1417 4109 1568 4158 Max.
1604 4120 1729 4155 νιιι.
1770 4108 1850 4153 11.
1890 4111 1946 4151 et
1991 4103 2106 4151 Liv.
2164 4101 2254 4149 lib.
2316 4116 2467 4152 xmv.

1415 4187 1699 4310 Ιαθῗᾷῡηω
1750 4255 1953 4330 omniura
2009 4253 2177 4303 Traces
2224 4253 2479 4315 Mummi
