3000 4917
496 362 673 426 4564
1120 452 1125 457 ⁴
1229 377 1296 426 o.
1347 374 1610 429 unum⁴
1641 371 1969 427 suenum

497 523 645 599 mi,¹¹
658 514 1069 586 tectorium⁰
1098 519 1352 602 glutino
1383 519 1708 585 admixto
1770 517 1975 596 Quod
2006 523 2228 583 autem
2256 524 2447 594 aceto
2476 520 2700 604 lique-

496 622 747 688 factum
774 631 904 699 est,
935 641 1107 703 aegre
1139 622 1399 686 eluitur.

585 739 814 788 xxvt.
903 722 963 786 Ε
1001 723 1278 806 reliquis
1308 722 1693 798 coloribu3,¹
1743 741 1914 806 quos
1945 741 1988 787 a
2030 723 2314 788 dominis
2350 724 2508 793 dari
2521 724 2705 793 dixi-.

497 833 698 903 mus,a
740 829 1013 908 propter
1042 824 1555 906 magnitudinem
1587 826 1808 907 pretii,
1842 830 1993 889 ante
2024 843 2258 889 omnes
2293 833 2400 891 est
2445 845 2704 910 purpu·.

490 927 737 1001 rissum
768 948 806 992 e
833 932 1017 992 creta
1030 925 1060 973 ‘b
1089 926 1497 1009 argentaria:
1532 945 1685 990 cum
1717 928 2035 1011 purpuris
2060 904 2310 1011 pariter
2340 927 2706 1010 tinguitur„

492 1028 798 1115 bibitque
850 1049 1001 1093 eum
1060 1029 1369 1101 colorem,
1402 1028 1692 1093 celerius
1753 1031 1949 1094 lanis.
2067 1028 2552 1118 Praecipuum?
2593 1036 2696 1094 est

491 1130 801 1213 primum,
835 1132 1132 1195 fervente
1166 1130 1337 1195 aeuo
1387 1129 1667 1194 rudibus
1715 1131 2229 1197 medicamentis
2271 1132 2706 1201 inebriatum..

494 1218 920 1309 Proximum,
944 1238 1175 1315 egesto
1210 1252 1321 1308 eo,
1354 1231 1589 1296 addita
1614 1239 1797 1297 creta
1825 1234 1892 1297 in
1927 1232 2056 1316 jus
2094 1229 2323 1297 idem.‘¹¹
2359 1268 2368 1293 2
2408 1232 2501 1297 Et
2530 1252 2706 1316 quoa

491 1333 623 1398 ties
657 1334 726 1399 id
758 1336 1010 1401 factum
1060 1341 1184 1410 est,
1232 1334 1495 1397 levatur
1543 1333 1847 1398 bonitas⁸
1893 1353 2015 1417 pro
2053 1350 2349 1408 numero,
2390 1334 2704 1404 dilutiore.

489 1435 728 1501 sanie!
783 1437 1008 1516 Quare
1031 1437 1475 1501 Puteolanum
1496 1443 1524 1482 ⁸
1549 1435 1779 1517 potius
1798 1436 2133 1512 laudatur,
2165 1451 2374 1520 quam
2393 1435 2702 1519 Tyrium,

1408 1598 1711 1621 OOO‘OOO‘OO
1717 1598 1775 1622 ’,Ο

560 1701 696 1750 cn.
722 1714 882 1750 xxvr.
949 1705 975 1749 1
1013 1702 1098 1750 Ita
1121 1700 1273 1752 codd.
1316 1700 1578 1750 Harduini
1614 1707 1670 1750 et
1710 1701 1893 1751 Dalec.
1920 1715 2037 1750 cum
2061 1699 2182 1749 edd.
2215 1697 2476 1748 Harduin.
2505 1703 2552 1748 l.
2576 1702 2625 1748 2.
2648 1702 2696 1746 3.

493 1771 549 1815 et
575 1774 799 1826 recentt.
867 1767 913 1813 Ε
934 1765 1133 1828 liquidis
1153 1765 1378 1815 coloribus
1395 1764 1628 1816 Gronov.
1653 1773 1709 1816 et
1735 1766 1905 1830 vulgg.
1975 1765 2124 1828 Mox,
2137 1765 2481 1828 purpurissum.
2509 1820 2514 1831 ἔ
2553 1763 2698 1811 Creta

1483 1928 1704 1979 NOTAE
1775 1900 1782 1907 ’

553 2049 577 2076 ¹²
611 2039 883 2093 Lim-arium
899 2041 1107 2106 gummi]
1131 2043 1257 2105 Reg.
1276 2046 1324 2091 2.
1345 2057 1550 2091 comme:

485 2117 584 2167 hoc
608 2123 704 2178 est,
726 2118 930 2180 adjecto
961 2119 1184 2181 gummi:
1225 2119 1276 2166 in
1302 2124 1471 2177 sexto,
1494 2124 1553 2165 ut

487 2191 656 2254 aiunt,
683 2207 824 2250 cusu,
858 2208 986 2243 voce
1025 2208 1091 2242 ea
1129 2192 1303 2243 efferri
1333 2195 1455 2242 olim
1478 2194 1554 2242 sie

482 2268 653 2318 solita.
729 2270 998 2319 Vitruvius
1036 2270 1138 2321 loe.
1179 2271 1271 2320 cit.
1309 2269 1325 2297 ‘
1357 2271 1556 2332 Fuligo,

386 2374 391 2381 ,
484 2359 600 2409 quae
625 2345 770 2395 circa
810 2346 1060 2408 parietem
1101 2352 1157 2396 et
1193 2360 1410 2396 camerae
1436 2361 1553 2395 cur-

484 2426 721 2470 vaturam
765 2420 1086 2481 adhaerescit,
1114 2423 1257 2471 inde
1313 2423 1555 2481 collecta,

485 2496 679 2558 partim
704 2496 1033 2559 componitur
1056 2512 1121 2546 ex
1156 2499 1346 2560 gummi
1370 2497 1555 2546 subac-
1550 2544 1558 2556 ,

484 2577 541 2619 to
565 2570 630 2619 sd
653 2585 801 2620 usum
843 2573 1124 2621 atramenti
1161 2571 1394 2632 librarii;
1432 2572 1553 2622 reli·
1553 2630 1558 2635 Ι

485 2659 589 2709 qua
630 2651 876 2708 tectores,
899 2647 1152 2708 glutinum
1189 2645 1556 2709 admiscentes,

484 2722 539 2769 in
547 2720 854 2828 oparietibuu
881 2728 1116 2769 utuntur.
1118 2720 1133 2742 '

547 2795 902 2859 ‘’Tectorium]
957 2795 1245 2844 Librarium
1284 2801 1378 2857 est,
1414 2796 1551 2859 quod

491 2869 850 2921 exscribendis
884 2870 1057 2930 libris;
1095 2871 1391 2927 tectorium,
1417 2872 1556 2939 quod

487 2935 775 3015 parietibus
814 2946 1074 2995 illineudis
1105 2946 1555 3012 incrustandisque

493 3021 788 3071 adhibetur.

548 3106 572 3132 ⁸
609 3100 654 3148 E
698 3098 937 3162 reliquis.

490 3174 622 3238 mus]
656 3173 782 3239 Cap.
804 3179 884 3224 12.

547 3248 571 3283 ὓ
595 3250 936 3313 Purpurissum
959 3266 984 3300 e
999 3246 1171 3313 creta]
1179 3250 1312 3300 Haec
1338 3250 1554 3299 totidem

484 3326 654 3375 verbis
693 3326 922 3376 Isidorus
966 3326 1282 3389 Orig.x1x.
1324 3331 1402 3376 17.
1473 3329 1553 3376 De

487 3409 632 3452 creta
650 3405 950 3466 argentaria
972 3403 1177 3453 dicetur
1201 3403 1410 3454 iuferius
1436 3419 1553 3468 cap.

483 3484 567 3529 58.
592 3478 933 3543 dictumque
910 3493 1022 3542 Jam
1045 3494 1205 3542 supra
1230 3493 1371 3528 xvu.
1390 3485 1443 3529 4.
1477 3481 1557 3528 Ea

481 3557 684 3622 liquore
711 3571 954 3620 purpnrae
981 3555 1174 3605 imbuta
1202 3556 1555 3618 purpurissum

487 3633 792 3695 vocabatur,
815 3633 879 3681 ab
902 3646 965 3681 eo
1004 3633 1181 3681 colore
1216 3647 1370 3695 quem
1406 3647 1554 3682 scee-

485 3717 656 3770 perat‚
700 3707 1075 3772 reddebatque.
1144 3707 1227 3756 Ad
1269 3706 1551 3757 fucanda'm

996 3113 1180 3161 quos.
1236 3098 1381 3147 .d‹1ri
1421 3098 1553 3147 dixi-

483 3782 694 3847 faciem,
717 3793 779 3836 ut
802 3802 1064 3837 cerussam
1089 3787 1228 3842 olim,
1252 3786 1329 3834 sic
1355 3793 1413 3835 et
1434 3801 1560 3848 pur·.

487 3865 744 3927 purissum
768 3863 1004 3913 adhiberi
1026 3878 1134 3912 mos
1156 3861 1274 3910 fuit.
1331 3861 1555 3910 Plautus

487 3940 794 3989 inMostell.
818 3953 857 3988 ι.
877 3943 926 3988 3.
950 3944 1064 3988 101.
1097 3941 1112 3967 ‘
1132 3940 1265 3988 Pm.
1302 3937 1446 3986 Cedo
1470 3952 1554 3987 re-

486 4029 704 4064 russam.
751 4015 838 4064 Sc.
861 4015 1001 4067 Quid
1024 4026 1234 4066 cerussa
1250 4029 1380 4078 opus
1401 4014 1554 4062 nam?

487 4090 623 4138 Pur.
657 4089 762 4141 Qui
786 4091 947 4138 malas
967 4090 1190 4139 oblinam
1211 4124 1224 4139 .
1243 4104 1263 4138 s
1279 4123 1292 4138 .
1316 4123 1329 4138 .
1349 4090 1480 4138 Tum
1498 4097 1552 4138 tu

488 4165 645 4228 igitur
660 4165 791 4213 cedo
805 4166 1175 4229 purpurissum.
1217 4166 1303 4215 Sc.
1324 4165 1444 4215 Non
1455 4165 1552 4215 do:

489 4243 623 4293 scita
644 4257 700 4293 es
726 4250 782 4293 tu
805 4243 1030 4308 quidem.
1078 4245 1230 4296 Nova
1251 4244 1456 4308 picture
1479 4244 1556 4293 in-

1630 2041 1893 2106 terpolare
1912 2042 1984 2090 vis
2002 2056 2131 2104 opus
2146 2037 2540 2104 lepidissimum.
2576 2027 2694 2087 Non

1628 2117 1797 2165 istanc
1852 2124 2064 2166 aetstem
2107 2120 2319 2180 oportet
2371 2114 2694 2178 pigmentum

1630 2192 1789 2241 ullum
1833 2193 2121 2255 attingere:
2186 2191 2370 2254 Neque
2412 2203 2697 2252 cerussam,

1628 2281 1797 2332 neque
1838 2269 2103 2327 melinum,
2143 2281 2309 2330 neque
2351 2266 2505 2314 ullam
2541 2265 2694 2314 uliam

1630 2342 1885 2394 offuciam.
1892 2345 1906 2365 ⁹
1970 2346 2041 2394 Et
2081 2345 2132 2393 in
2167 2344 2375 2392 Trucul.
2419 2355 2482 2391 11.
2518 2346 2570 2389 2.
2614 2345 2695 2389 46.

1629 2418 1645 2446 ‘
1673 2421 1910 2484 Quisque
1934 2421 2062 2470 istas
2086 2421 2273 2470 buccas
2290 2426 2397 2468 tam
2416 2417 2554 2468 belle
2578 2432 2696 2481 pur-

1630 2497 1914 2559 purissatas
1935 2495 2130 2545 habes!
2697 2536 2704 2547 .

1692 2579 1714 2605 ⁰
1748 2571 2076 2635 Praecipuum]
2110 2570 2341 2620 Isidorus
2363 2569 2464 2620 loc.
2480 2569 2572 2619 cit.
2594 2574 2695 2619 tot-

1631 2647 1766 2696 idem
1794 2649 1986 2697 verbis.
2601 2682 2608 2689 .
2700 2694 2708 2703 ,

1685 2723 1719 2773 ,d
1753 2723 1905 2787 Injus
1919 2723 2067 2786 idem]
2101 2706 2164 2773 In
2180 2723 2402 2772 eundem
2423 2706 2711 2786 liquorem..

1629 2799 1713 2849 Ita
1738 2800 1974 2848 nimirum
1996 2814 2051 2851 se
2077 2815 2158 2849 res
2182 2800 2396 2849 habuit.
2383 2816 2396 2828 ·
2433 2800 2555 2848 dum
2578 2812 2694 2861 pur-

1632 2890 1794 2940 pura
1800 2876 1850 2924 in
1888 2875 2015 2925 seno
2057 2886 2389 2941 coqueretur,
2432 2882 2591 2927 cretae
2627 2876 2693 2923 is·
2725 2902 2731 2909 .

1634 2952 1734 3000 tius
1759 2960 1934 3016 partes
1959 2952 2371 3001 immittebantur
2400 2965 2485 3014 eo,
2522 2961 2581 3000 ut
2619 2951 2692 3000 in-

1630 3026 1989 3075 ebriarentur.
2026 3028 2354 3090 celeriusque
2390 3040 2547 3090 qnam
2570 3026 2703 3088 ipsae2

1632 3103 1760 3151 lanae
1786 3103 1919 3152 hunc
1957 3117 2168 3155 succum
2209 3102 2477 3167 bibebant.
2534 3102 2691 3150 Hunc

1633 3193 1861 3241 succum,
1900 3179 2033 3229 hoc
2011 3194 2123 3241 Jus,
2148 3179 2320 3228 Graeei
2347 3177 2466 3239 ζέμα
2488 3185 2691 3228 vocant.

1630 3254 1861 3303 Isidorus
1888 3256 1985 3303 loe.
2009 3254 2102 3303 cit.
2137 3254 2202 3302 In
2220 3268 2307 3302 vas
2323 3255 2463 3303 idem.

1694 3336 1717 3362 e
1751 3329 1961 3378 Letuttw
2002 3328 2212 3392 bonitas]
2258 3330 2343 3378 Sic
2378 3331 2534 3378 etiam
2563 3330 2690 3381 Mas.

1631 3402 1863 3453 I-idorus
1920 3406 2021 3463 lor.
2062 3405 2154 3453 cit.
2196 3407 2422 3460 elevatur,
2482 3406 2702 3469 rectius„

1630 3481 1848 3529 Minoris
1890 3472 2136 3548 bonitatis
2169 3481 2249 3530 e'st
2286 3495 2346 3530 ae
2372 3482 2530 3543 pretii
2552 3482 2695 3530 colos

1630 3558 1734 3612 ille,
1755 3571 1870 3606 cum
1886 3564 2027 3627 creta
2042 3557 2271 3606 secundo
2291 3557 2519 3615 additur,
2540 3571 2692 3621 quam

1631 3647 1745 3683 cum
1772 3634 1969 3696 primo:
2008 3634 2350 3697 tertio,qusm
2370 3647 2486 3684 eum
2512 3648 2693 3685 secun·

1629 3710 1724 3757 do:
1769 3717 1827 3758 et
1858 3706 2253 3771 sicdeinceps:
2289 3709 2425 3771 quis,
2465 3724 2567 3773 quq
2601 3722 2704 3774 sue-1

1631 3787 1744 3850 pius
1763 3785 1988 3840 additur,
2010 3798 2070 3833 eo
2090 3785 2306 3833 dilutior
2329 3784 2385 3833 ftt
2406 3785 2568 3834 color.

1696 3859 1715 3894 f
1746 3861 1988 3909 Dilutiore
2021 3860 2179 3922 sanie]
2218 3861 2333 3909 Hoc
2356 3868 2456 3914 est,
2493 3861 2692 3925 liquore

1632 3952 1877 4002 purpurae
1902 3937 2064 4000 magis
2087 3936 2267 3989 diluto,
2288 3936 2453 3984 minus
2475 3943 2675 3988 saturo.

1697 4023 1722 4059 ε
1753 4013 2089 4076 Puteolanum]
2130 4012 2175 4061 N
2183 4026 2280 4061 unc
2300 4027 2500 4076 quoque
2521 4013 2576 4063 in
2596 4013 2696 4060 Pu-

1636 4092 1841 4140 teolano
1870 4091 2064 4150 littore,
2087 4089 2171 4141 ubi
2197 4088 2322 4137 illud
2342 4087 2481 4156 *quod
2508 4095 2523 4117 ‘
2547 4089 2696 4137 Mare

1594 4226 1602 4239 ἱ
1637 4165 1926 4233 Μοιῒιιιιιιιί
1950 4166 2139 4216 accolae
2175 4169 2381 4225 vocant,
2407 4178 2573 4228 psope
2597 4163 2708 4217 Mi-,

1634 4258 1811 4294 senum
1835 4240 2241 4308 promontorium
2280 4253 2523 4304 purpurae
2557 4239 2697 4303 capi·
