3000 4917
883 372 1058 422 Nar.
1104 372 1305 423 ms‘r.
1353 372 1499 422 Lm.
1548 308 1841 425 xxxv1.
1879 361 1989 427 47.
2363 365 2539 434 4763
2601 434 2606 441 ,

327 510 738 600 appellatus.
829 516 992 581 Hoc
1046 512 1602 582 construxerat¹⁶
1668 511 1882 584 aedem
1938 518 2275 602 Fortunae,
2328 545 2534 609 quam

327 619 609 683 Seiam‘¹
654 619 1054 702 appellant,²
1096 638 1142 683 a
1168 619 1402 684 Servio
1429 629 1625 702 rege⁸
1669 629 2024 700 sacratam,
2062 643 2264 691 aurea
2289 622 2541 693 'domo‘

326 720 762 803 complexus,
810 714 828 732 ⁸
855 719 1080 799 Quare
1111 721 1307 799 etiam
1337 720 1592 786 foribus
1622 724 1917 806 opertis3
1944 733 1970 771 ⁸
2012 725 2297 793 interdiu
2329 729 2533 797 clari-

324 828 435 885 tas
484 823 577 886 ibi
623 822 855 886 diurna
896 828 1064 900 erat,
1120 822 1303 888 alio*
1341 842 1546 906 quam
1594 826 2041 909 specularium
2081 827 2339 910 modo‚¹²
2383 836 2529 896 tan-

322 944 532 1008 quam
565 924 822 988 inclusa
847 924 1019 1001 luce,
1052 944 1183 989 non
1216 926 1628 992 transmissa.
2412 948 2418 957 ·

414 1026 498 1090 In
528 1027 789 1091 Arabia
811 1045 1079 1110 quoque
1107 1046 1258 1091 esse
1284 1026 1578 1110 lapidem
1608 1029 1758 1096 vitri
1787 1032 1988 1109 modo
2019 1035 2525 1115 translucidum,

323 1149 464 1214 quo
495 1137 774 1193 utuntur
802 1148 924 1211 pro
955 1129 1443 1211 specularibus»,
1472 1128 1521 1195 J
1527 1132 1662 1196 uba
1694 1141 1926 1199 auctor
1954 1141 2077 1200 est.
2271 1150 2278 1155 ’

415 1247 674 1298 ΧῙΝΠ.
722 1232 920 1296 Nunc
964 1233 1051 1295 ad
1096 1233 1445 1314 operarios
1473 1234 1736 1318 lapides
1769 1239 2088 1301 transisse
2121 1241 2522 1317 conveniat,¹

321 1333 747 1417 primumque
800 1339 996 1397 cotes
1047 1334 1220 1397 ferro
1267 1334 1598 1398 acuendo.
1690 1336 1911 1402 Multa
1962 1359 2187 1404 earum
2240 1361 2480 1423 genera
2505 1336 2530 1405 ε’

322 1435 616 1500 Creticae
648 1431 798 1498 diui
841 1435 1205 1499 maximam
1236 1434 1503 1500 laudem
1533 1438 1867 1506 habuere:
1912 1442 2272 1506 secundam
2306 1441 2525 1508 Laco-

320 1536 498 1601 nicae
540 1555 626 1600 ex
667 1535 970 1619 Taygeto
1011 1543 1259 1611 monte,
1297 1541 1612 1623 utraeque
1653 1541 1806 1604 oleo
1852 1541 2247 1624 indigentes·
2337 1545 2523 1611 Inter

321 1635 678 1721 aquariasj
734 1636 981 1702 Naxiae
1027 1637 1177 1702 laus
1223 1639 1525 1702 maxima
1570 1640 1715 1717 suit,
1760 1660 1920 1706 mox
1962 1642 2405 1722 Armeniacae,
2437 1646 2519 1710 de

315 1740 569 1824 quibus
627 1736 974 1805 diximus.k
1063 1741 1168 1803 Ex
1225 1739 1379 1804 oleo
1430 1751 1500 1804 et
1550 1760 1729 1826 aqua
1780 1742 2045 1809 Ciliciae
2094 1745 2376 1828 pollent,
2428 1768 2517 1812 ex

1224 1905 1500 1926 “vm‘'
1508 1905 1594 1926 600

384 2007 525 2057 CAP.
551 2019 702 2057 var.
770 2009 798 2055 1
849 2007 959 2056 Hoc
995 2008 1264 2056 construxit
1300 2007 1415 2056 cod.
1454 2006 1734 2056 Belem-2
1783 2006 1950 2068 Sejani
1985 2009 2297 2072 appellatione
2332 2011 2518 2061 dicebat

315 2071 436 2121 cod.
480 2072 666 2122 Dalec.
731 2071 890 2120 Seiam
925 2072 1235 2134 appellatione
1271 2071 1459 2121 dicebat
1501 2073 1596 2120 Lil.
1622 2071 1753 2135 Gyr.
1792 2073 2003 2135 Syntag.
2038 2088 2157 2136 pag.
2180 2077 2392 2125 atim—3
2428 2076 2515 2125 Ita

315 2137 577 2186 Harduin.
603 2141 649 2184 1.
672 2141 720 2185 2.
743 2141 787 2185 3.
813 2146 868 2185 et
894 2145 1113 2185 recentr.
1136 2137 1207 2184 ita
1227 2151 1428 2200 quinque
1449 2137 1545 2186 Lil.
1567 2136 1783 2199 Gyrald.
1804 2138 1838 2185 l.
1861 2138 1898 2185 l.
1953 2151 2043 2186 non
2066 2138 2241 2200 opertis
2259 2138 2385 2188 Vet.
2409 2140 2512 2190 Da-

313 2201 416 2250 lec.
481 2203 663 2264 apertis
697 2200 929 2250 Gronov.
972 2210 1025 2249 et
1061 2201 1327 2263 vulgg.-—4
1361 2201 1444 2249 Ita
1475 2202 1626 2250 codd.
1667 2200 1922 2250 Hardnini
1960 2210 2014 2250 et
2047 2203 2231 2252 Dalec.
2253 2217 2367 2253 cum
2391 2206 2512 2255 edd.

318 2266 584 2315 Harduin.
624 2269 671 2315 1.
703 2270 753 2314 2.
788 2270 838 2314 8.
871 2273 926 2316 et
950 2271 1175 2315 recentt.
1232 2265 1358 2315 haud
1373 2267 1492 2314 alios
1512 2266 1745 2315 Gronov.
1770 2274 1826 2316 et
1852 2267 2021 2330 vulgg.

1311 2395 1527 2445 NOTAE

311 2494 449 2557 ipsa.
489 2494 623 2543 Nam
647 2490 831 2555 φέγγος
854 2493 1183 2556 splendorem
1206 2501 1375 2545 sonat.
1455 2493 1509 2542 in
1534 2493 1735 2545 Quaest.
1764 2492 1914 2543 Rom.
1934 2507 2051 2556 pag.
2073 2497 2189 2545 281.
2219 2491 2313 2557 Διᾷ
2342 2493 2394 2543 τί
2420 2502 2507 2544 Μι-

312 2571 563 2620 Meminit
585 2570 735 2634 liujus
763 2571 952 2632 lapidis
974 2571 1296 2636 Tranquillus
1320 2571 1370 2619 in
1453 2570 1570 2633 κρᾶς
1588 2568 1749 2631 Τύχης
1769 2568 1891 2632 ἱερὸν
1913 2564 2134 2634 lophem-'o
2153 2570 2368 2635 Σεροῦῖος
2386 2571 2509 2639 Τύλ-

310 2644 637 2708 Domitiano,
671 2660 790 2710 cap.
819 2650 898 2695 14.
934 2647 1010 2693 his
1048 2660 1232 2709 nempe
1257 2660 1370 2694 ver·
1452 2655 1560 2696 λιος
1579 2647 1607 2695 ὁ
1624 2645 1870 2710 βασιλεὺς,
1892 2645 1953 2704 ἢν
1972 2645 2154 2709 Βρέβεμ
2174 2648 2434 2710 καλοῦσινς

305 2716 420 2770 bis:
457 2721 750 2784 ‘Tempore
784 2734 992 2784 qnoque
1026 2722 1255 2782 suspecti
1279 2736 1368 2784 pe·
1518 2721 1538 2756 f
1562 2723 1725 2773 Aurea
1754 2724 1912 2787 domo]
1963 2723 2114 2774 Hanc
2149 2725 2396 2775 Fortunae
2438 2739 2509 2774 ω-

307 2797 463 2847 riculi
509 2796 985 2860 appropinquante,
1023 2796 1274 2846 solicitior
1314 2799 1366 2847 in
1449 2800 1567 2850 dem
1615 2814 1775 2850 aurea
1820 2800 2043 2850 Neronis
2085 2796 2257 2864 domo,
2294 2800 2360 2850 de
2403 2815 2507 2864 qua

307 2870 420 2921 dies
462 2873 778 2936 porticuum,
833 2872 885 2919 in
927 2871 1112 2937 quibus
1151 2874 1366 2936 spatiari
1449 2880 1672 2938 cap.24.
1696 2877 1945 2926 inclusam
1969 2875 2251 2938 significat.

303 2957 673 3014 consueverat,
694 2950 925 3013 parietes
961 2950 1208 3013 phengite
1243 2952 1368 3014 lapi·
1512 2961 1539 2996 ε
1575 2953 1737 3007 Quare
1757 2952 2103 3011 etiamforibus
2123 2952 2324 3016 opertis]
2368 2952 2505 3002 Vide

307 3029 373 3076 de
406 3027 673 3090 distinxit,
711 3041 739 3075 e
781 3027 926 3090 cujus
966 3025 1238 3089 splendore
1274 3041 1369 3091 per
1452 3027 1618 3081 Notas
1642 3036 1695 3076 et
1717 3027 1936 3076 Emend.
1960 3041 2097 3075 num.
2122 3030 2205 3076 23.

305 3105 561 3167 imagines
584 3102 826 3168 quicquid
853 3118 884 3152 a
906 3109 1056 3166 tergo
1077 3101 1229 3152 fieret
1248 3118 1367 3168 pro-

303 3178 554 3231 videret!

367 3264 391 3290 ⁰
431 3257 542 3305 Hoc
574 3256 931 3319 construxerat]
985 3255 1126 3304 Nero
1149 3254 1365 3311 scilicet.

302 3348 408 3398 quo
455 3332 690 3397 principe
730 3332 774 3381 is
819 3332 1057 3379 inventus
1097 3339 1175 3379 est
1216 3332 1364 3393 lapis,

299 3409 503 3474 quique
527 3423 684 3457 aurea
715 3423 807 3456 sua
845 3407 998 3456 domo
1031 3409 1161 3456 hanc
1199 3395 1361 3456 aedem

298 3486 609 3549 complexus
633 3484 844 3545 dicitur,
867 3483 963 3531 hoc
998 3483 1170 3546 lapide
1194 3483 1360 3534 aedem

297 3560 617 3612 construxit.
1247 3589 1254 3596 .

359 3637 388 3672 d
429 3638 588 3693 Quom
629 3633 812 3697 Seiam]
866 3633 952 3683 Sic
997 3633 1115 3683 libri
1157 3648 1356 3692 omnes,

299 3713 463 3764 etiam
500 3711 629 3760 Mss.
659 3709 878 3760 Gruteri
914 3709 1202 3774 inscriptio,
1236 3725 1356 3774 pag.

297 3795 379 3841 ‘'19-
450 3800 648 3837 ειΕιΑΕ.
720 3799 1040 3836 Ἑοιιτνιυε.
1097 3786 1357 3850 mendose,

299 3866 480 3929 credo,
504 3879 602 3928 pro
625 3864 771 3912 Seiae.
839 3863 1005 3912 Seiam
1029 3863 1191 3911 Deam
1215 3878 1244 3912 a
1279 3878 1354 3911 se-

298 3944 462 3995 rendo
487 3942 681 3991 dictam
706 3939 924 3988 vidimus
949 3953 1105 4001 supra
1127 3952 1284 3988 xvm.
1309 3943 1359 3987 2.

365 4026 389 4052 e
420 4019 463 4069 A
492 4016 667 4068 Servio
690 4015 824 4078 rege]
861 4016 941 4064 De
976 4016 1070 4064 bac
1095 4015 1207 4064 aede
1230 4016 1356 4064 For·

299 4107 439 4150 tunae
478 4113 510 4145 a
545 4095 730 4147 Servio
769 4095 940 4144 Tullio
985 4093 1229 4144 dedicata
1274 4093 1357 4142 Li-

300 4179 411 4227 vlus
435 4176 534 4227 sub
555 4174 713 4224 finem
738 4172 829 4222 lib.
854 4186 908 4221 x·
931 4187 1051 4236 pag.
1074 4175 1189 4220 187.
1232 4171 1357 4218 For-

296 4263 438 4306 tunae
462 4251 627 4304 Brevi
664 4254 916 4300 sacratam
941 4247 1015 4298 ait
1047 4245 1358 4297 Plutarchus

1515 3099 1554 3159 ¹²(
1570 3101 1684 3151 Alio
1704 3118 1842 3165 quam
1861 3102 2172 3164 specularium
2184 3103 2342 3167 modo]
2365 3103 2500 3152 Nam

1445 3180 1742 3241 speculares
1779 3180 1946 3228 lucem
1989 3177 2503 3241 transmittunssnon

1445 3254 1733 3311 includunt,
1748 3254 2148 3317 transmissaque
2163 3253 2279 3303 luce
2296 3253 2503 3304 domum

1444 3329 1768 3380 illuminant:
1802 3330 2086 3393 Phengites
2111 3330 2243 3394 lapis
2263 3329 2431 3381 lucem
2448 3331 2501 3381 in

1447 3408 1562 3457 aede
1582 3409 1816 3469 includit,
1838 3414 1892 3457 et
1916 3422 1981 3457 ex
2005 3422 2060 3456 se
2083 3406 2275 3458 fundit.
2513 3463 2518 3469 ,

1506 3486 1521 3519 ¹
1558 3485 1762 3535 Creticoe
1782 3485 1893 3546 diu]
1932 3483 2147 3533 Alfenus
2169 3484 2221 3533 in
2246 3485 2280 3533 1.
2305 3485 2500 3548 (ἕπευ,

1338 3590 1343 3598 1
1442 3565 1524 3612 15.
1546 3563 1673 3625 Dig.
1699 3562 1765 3611 de
1784 3560 2085 3609 Publicanis
2109 3575 2122 3606 τ
2150 3559 2167 3586 ‘
2183 3560 2362 3609 Coesar.
2379 3575 2496 3609 cum

1440 3639 1621 3688 insulae
1646 3638 1818 3687 Cretoe
1843 3636 2067 3685 cetarias
2089 3636 2309 3691 locaret,
2331 3636 2497 3697 legem

1440 3712 1516 3764 ita
1538 3713 1777 3762 dixerat:
1816 3711 1900 3760 Ne
1933 3711 2045 3775 quis
2078 3716 2272 3772 praeter
2294 3710 2497 3761 redem-

1439 3797 1606 3840 torem
1648 3795 1766 3851 post
1803 3787 1929 3836 Idus
1961 3784 2182 3835 Martias
2220 3792 2392 3837 cotem
2428 3802 2496 3837 ex

1440 3865 1605 3914 insula
1649 3864 1810 3913 Creta
1858 3861 2043 3921 fodito,
2086 3875 2219 3910 neve
2261 3863 2496 3928 eximito,

1440 3956 1573 3990 neve
1594 3940 1824 3988 avellite.
1875 3935 2156 4000 cujusdam
2180 3937 2323 3987 navis
2341 3952 2495 3989 onus·

1441 4025 1494 4066 ta
1516 4013 1756 4075 cotibus,’
1777 4016 1875 4063 ὅτε.

1500 4091 1519 4134 J
1551 4091 1688 4139 Inter
1714 4085 1961 4152 aquarias]
2017 4089 2148 4141 Quae
2187 4102 2325 4152 aqua
2357 4090 2489 4140 indi-

1440 4173 1584 4233 gent,
1607 4180 1721 4229 quae
1748 4170 2085 4229 asperguntur
2108 4178 2258 4229 aqua.

1504 4243 1530 4280 Β
1562 4243 1644 4295 De
1664 4242 1831 4307 quibas
1848 4240 2082 4306 diximus]
2116 4240 2245 4307 Cap.
2265 4245 2344 4294 10.
