3000 4917
1211 389 1653 473 AucjroRuM.
2168 366 2175 373 ”
2357 381 2534 448 4919

321 530 553 594 scriptis,
588 530 764 581 Latini
790 529 1126 595 Hippocratis
1147 546 1339 582 nomen
1361 539 1443 584 est
1467 534 1707 598 adeptus.
1776 532 1983 587 Leud'st
2004 536 2141 588 hunc
2162 538 2352 590 eximie
2375 540 2533 591 Colu-

324 613 483 661 mella
504 624 568 660 u.
589 615 640 660 2.
663 619 716 674 p.
740 614 822 660 42.
886 612 957 661 Et
978 611 1206 663 Quintil.
1226 625 1332 663 111.
1367 628 1420 677 p.
1441 617 1558 664 916.
1592 621 1608 642 ⁴
1633 615 1905 685 Cornelius
1927 618 2144 674 Celsus:
2180 621 2369 684 inquit,
2387 623 2404 651 ‘
2425 636 2532 671 me-

323 692 489 741 diocri
513 692 593 740 vir
623 692 852 755 ingenio,
887 707 986 740 non
1027 694 1190 742 solum
1225 694 1291 742 de
1321 695 1396 743 his
1431 694 1668 744 omnibus
1703 698 2011 761 conscripsit
2038 698 2257 764 artibus,
2293 701 2533 765 (historin

321 772 547 832 scilicet,
567 780 624 822 et
646 770 990 838 eloquentia.)
1023 774 1113 822 sed
1151 776 1369 837 emplius
1398 776 1556 826 etiam
1582 777 1657 825 rei
1682 778 1940 839 militaris,
1964 785 2020 829 et
2037 781 2249 830 rusticae
2269 782 2451 844 etiem,
2474 790 2531 832 et

323 852 597 902 medicina:
620 860 895 918 praecepta
916 855 1129 920 reliquit
1145 870 1163 905 a
1198 856 1381 921 dignus
1400 859 1485 907 vel
1510 856 1623 920 ipso
1647 859 1936 923 proposito,
1961 868 2019 909 nt
2038 874 2155 909 eum
2178 861 2335 910 scisse
2359 864 2531 912 omnia

322 934 414 981 illa
435 933 748 984 credamus?

390 1013 639 1062 Cornelius
661 1014 840 1076 Nepos.
907 1014 1109 1064 Flornit
1144 1015 1410 1065 Ciceronis
1445 1017 1785 1079 temporibus,
1818 1016 2041 1081 Augusti
2063 1018 2361 1082 principatu
2383 990 2530 1073 obiit.

321 1094 550 1157 Scripsit
583 1095 647 1143 de
682 1094 823 1143 Viris
861 1094 1164 1144 Illustribus
1179 1113 1195 1146 ε
1230 1110 1382 1159 quem
1419 1094 1558 1145 forte
1596 1098 1961 1160 Exemplorum
1997 1099 2183 1148 librum
2224 1100 2491 1164 inscripsit
2513 1120 2526 1152 ε

321 1188 440 1222 nem
466 1176 619 1238 hujus
642 1176 813 1238 operis
836 1177 968 1225 liber
989 1178 1199 1239 quintus
1233 1177 1474 1227 laudatur
1497 1193 1530 1226 a
1552 1178 1725 1227 Gellio
1748 1192 1852 1229 vu.
1876 1182 1956 1227 18.
1979 1193 2033 1243 p.
2054 1182 2167 1230 441.
2249 1180 2528 1232 Chronico-

322 1268 437 1305 rum
461 1255 588 1304 item
616 1257 812 1318 primus
836 1255 905 1306 sb
923 1256 1107 1305 eodem
1131 1269 1276 1306 xvu.
1299 1260 1383 1306 21.
1404 1271 1457 1320 p.
1479 1261 1598 1308 982.

389 1336 640 1385 Cornelius
666 1335 966 1386 Valerianus.
2199 1385 2207 1390 .

392 1416 629 1465 Corvinus
648 1416 876 1480 Messala,
898 1415 981 1464 cni
1007 1416 1247 1466 Valerius
1269 1430 1569 1481 praenomen
1591 1415 1713 1480 fuit,
1736 1431 1802 1467 ex
1829 1417 1990 1468 nobili
2013 1419 2353 1469 Messalarum
2379 1420 2528 1471 fami-

316 1497 415 1557 lis,
435 1498 451 1525 ‘
470 1503 646 1546 orator
676 1496 872 1546 nitidus
893 1506 950 1545 et
971 1496 1338 1560 candidus,’‘ut
1361 1497 1683 1549 Quintiliani.
1708 1498 1881 1547 verbis
1902 1508 2036 1563 utar,
2059 1513 2113 1550 x.
2137 1505 2183 1551 1.
2208 1515 2259 1564 p.
2281 1505 2400 1550 752.
2433 1504 2451 1532 ‘
2470 1509 2527 1552 et

317 1576 701 1642 quodammodo
736 1591 846 1640 prae
869 1591 925 1626 se
950 1575 1126 1626 ferens
1149 1577 1199 1625 in
1223 1576 1444 1626 diceudo
1467 1577 1792 1627 nobilitatem
1820 1579 2018 1628 susm.''
2062 1581 2140 1630 Ut
2170 1579 2376 1630 biennio
2414 1590 2527 1632 toto

317 1665 444 1708 ente
487 1657 685 1708 obitum
727 1657 975 1706 memoria
1015 1656 1153 1706 omni
1201 1656 1474 1719 defecerit,
1516 1656 1740 1707 diximus
1780 1671 1883 1707 vu.
1922 1662 2005 1708 24.
2083 1657 2234 1710 Obiit
2274 1663 2525 1712 extremis

320 1738 548 1801 Augusti
568 1738 904 1801 temporibus.

317 1854 327 1863 .
390 1819 537 1868 Cotta
568 1819 872 1871 Messalinus,
906 1818 1150 1867 Messalae
1178 1818 1418 1874 oratoris,
1450 1833 1557 1882 quo
1589 1818 1658 1868 de
1683 1817 1911 1883 proxime
1934 1823 2053 1869 ante
2075 1820 2296 1884 egimus,
2316 1821 2470 1881 filius,
2492 1838 2525 1874 a

315 1898 495 1948 Plinio
517 1899 709 1948 dicitnr
730 1912 781 1948 x.
803 1902 886 1947 27.
952 1898 1086 1947 Vide
1112 1912 1228 1962 quae
1251 1899 1316 1948 de
1334 1899 1424 1948 illo
1445 1898 1519 1948 ibi
1541 1897 1784 1949 diximus.

393 1980 562 2029 Cretes
587 1977 960 2038 Grammaticus,
992 1978 1058 2028 sb
1091 1985 1204 2028 arte
1234 1993 1385 2043 quam
1420 1978 1676 2041 exercuit,
1710 1978 1849 2028 idem
1871 1992 1904 2028 a
1926 1978 2116 2042 petris,
2136 1980 2301 2032 Mallo
2322 1981 2522 2033 Ciliciae

316 2058 538 2123 oppido,
558 2061 786 2109 Mallotes
806 2059 1114 2124 appellatus,
1137 2058 1428 2118 Μαλλώτης.
1460 2060 1476 2088 ‘
1500 2059 1721 2122 Primus,
1743 2068 1992 2122 quantum
2017 2060 2323 2122 opinamur?
2352 2062 2525 2126 inquit

314 2139 537 2189 Sueton.
558 2138 624 2188 de
647 2139 841 2189 Illustr-
863 2138 1158 2190 Grammst.
1188 2152 1311 2203 cap.
1333 2143 1382 2188 2.
1416 2154 1470 2203 p.
1507 2143 1621 2188 119.
1662 2139 1923 2188 ‘studium
1959 2140 2326 2191 Grammaticae
2345 2141 2400 2191 in
2419 2143 2522 2194 Ur·

321 2221 440 2269 bem
472 2220 646 2269 intulit
673 2220 858 2270 Crates
891 2220 1154 2275 Mallotes,
1177 2219 1468 2269 Aristarchi
1501 2218 1733 2283 aequalis,
1762 2219 1862 2284 qui
1883 2219 2071 2269 missus
2098 2220 2164 2273 ud
2183 2222 2430 2272 Senatum
2454 2222 2521 2273 ab

317 2300 508 2350 Attalo
530 2301 695 2363 Rege,
718 2301 856 2350 inter
877 2299 1156 2350 secuudum
1180 2314 1245 2350 se
1280 2300 1490 2349 tertium
1525 2299 1730 2349 Bellum
1762 2299 2039 2356 Punicum,
2062 2299 2158 2348 suh
2177 2301 2343 2364 ipsam
2367 2303 2525 2353 Ennii

316 2381 577 2444 mortem,'
600 2384 698 2432 διο.
769 2380 974 2431 Laudat
998 2395 1117 2430 eum
1141 2387 1193 2430 et
1213 2380 1403 2430 Sextus
1428 2381 1625 2443 Empir.
1650 2379 1856 2428 advers.
1880 2379 2049 2429 Math.
2071 2393 2119 2429 c.
2142 2383 2191 2430 2.
2215 2394 2267 2443 p.
2287 2385 2368 2430 10.
2435 2382 2522 2435 Li·

318 2461 471 2512 hrum
494 2463 609 2525 ejus
632 2462 867 2525 quintum
890 2461 958 2509 de
981 2460 1181 2524 Lingua
1201 2460 1386 2510 Attica
1408 2459 1692 2510 Atheuaeus
1713 2459 1805 2508 lib.
1834 2472 1918 2508 x1.
1944 2473 1997 2523 p.
2017 2463 2134 2509 497.

326 2576 333 2580 -
390 2544 565 2591 Grates
602 2542 946 2602 Pergamenus,
978 2555 1017 2588 a·
1040 2540 1211 2604 patrie
1246 2540 1323 2588 sic
1357 2539 1768 2603 cognominatus,
1805 2539 2046 2589 laudatur
2075 2553 2108 2587 s
2140 2538 2314 2588 Plinio
2351 2553 2450 2590 vn.
2471 2544 2522 2591 2.

317 2621 524 2672 AEliano
550 2621 690 2672 Hist.
709 2620 883 2672 Anim.
908 2633 1055 2671 xvu.
1076 2624 1128 2669 9.
1159 2618 1346 2684 Κράτης
1361 2621 1388 2669 ὁ
1410 2621 1466 2670 ἐκ
1485 2620 1574 2668 τοῦ
1592 2617 1780 2669 Μυσίου
1800 2616 2066 2684 Περγάμου.

390 2703 639 2759 Crateuas,
661 2717 691 2751 a
713 2702 1020 2752 Dioscoride
1059 2702 1112 2751 in
1147 2700 1313 2751 Praef.
1349 2702 1376 2750 ὁ
1410 2699 1679 2764 ‘Pafum-duos
1711 2701 2128 2764 cognominatus,
2163 2715 2315 2765 quem
2340 2715 2519 2751 vocem

320 2782 703 2845 explicabimus
736 2783 791 2831 in
824 2781 1145 2832 Metrodoro.
1208 2780 1258 2831 A
1292 2781 1465 2831 Plinio
1501 2781 1629 2830 item
1666 2793 1804 2831 xxV.
1826 2785 1878 2831 4.
1943 2779 2028 2830 Ab
2066 2780 2362 2845 Epiphanio
2398 2781 2520 2833 adv.

320 2863 472 2917 Hoer.
496 2877 538 2911 ι.
559 2867 613 2912 3.
677 2862 898 2925 Scripsit
919 2861 987 2911 de
1011 2862 1238 2925 Plantis,
1273 2861 1411 2926 quod
1443 2875 1576 2924 opus
1609 2858 1930 2923 *Ροζοτομικὸν
1956 2861 2255 2924 appellavit.
2322 2861 2523 2912 Scholi-

319 2949 461 2997 nstes
486 2942 739 2992 Nicandri
759 2942 810 2990 in
828 2941 1062 2991 Therisc.
1086 2955 1140 3003 p.
1163 2944 1247 2990 82.
1267 2937 1512 3003 Κρατεύα
1538 2940 1591 2988 ἐν
1615 2938 1933 3001 Ῥιζοτομικῷ.
1999 2939 2169 3002 Hujus
2192 2941 2366 3002 operis
2386 2938 2520 3003 freg-

321 3029 502 3073 menta
540 3023 770 3087 quaedsm
804 3022 993 3072 Graece
1027 3021 1195 3071 edidit
1226 3021 1277 3070 in
1312 3035 1471 3083 opere
1506 3020 1573 3069 de
1601 3019 1922 3082 simplicibus
1943 3019 2132 3069 Italico
2153 3033 2389 3072 sermone
2410 3034 2440 3068 a
2463 3036 2521 3071 se

317 3103 618 3166 conscripto
646 3103 884 3167 Aloysius
909 3103 1231 3166 Anguillurs‚
1256 3118 1306 3166 p.
1327 3106 1410 3152 27.
1433 3108 1488 3151 et
1511 3100 1656 3150 alibi.
1719 3098 1892 3148 Alium
1914 3098 2141 3163 ejusdem
2165 3100 2384 3150 nominis
2406 3102 2520 3152 Me·

319 3185 493 3234 dicum
517 3184 682 3233 multo
704 3183 1059 3247 vetustiorem,
1077 3183 1176 3232 hoc
1207 3187 1308 3244 est,
1340 3179 1681 3245 Hippocratis
1702 3194 1834 3235 aevo,
1856 3176 2018 3227 fuisse
2038 3178 2167 3226 scio.
2236 3179 2339 3233 Hic
2363 3181 2519 3231 Pom·

324 3263 430 3325 peii
452 3270 612 3312 aetate
635 3262 782 3320 vixit,
807 3263 1002 3329 quippe
1024 3264 1113 3327 qui
1134 3263 1322 3311 multas
1346 3260 1663 3323 Mithridati,
1692 3267 1752 3309 ut
1774 3268 1957 3309 auctor
1978 3264 2062 3307 est
2085 3257 2286 3307 Plinius
2307 3259 2406 3309 loc.
2427 3260 2521 3312 cit.

319 3343 505 3397 herbas
522 3343 838 3407 ascripserit.

326 3461 339 3466 -
392 3427 687 3479 Cremutius.
741 3425 878 3475 Vide
902 3425 1089 3475 Cordus
1113 3424 1400 3474 Cremutius.

386 3507 692 3557 Critodemus
726 3505 1053 3568 Astrologns.
1119 3506 1288 3569 Hujus
1315 3504 1755 3568 Apotelesmetics
1775 3510 1958 3553 extare
1981 3501 2035 3551 in
2057 3501 2386 3551 Bibliotheca
2407 3502 2519 3552 Cae·

320 3600 471 3637 sar‘es
497 3588 735 3649 viennae,
756 3587 873 3637 cod.
900 3590 1013 3637 141.
1037 3593 1218 3637 auctor
1238 3594 1322 3638 est
1344 3587 1408 3636 P.
1432 3587 1741 3636 Lambecius
1759 3584 1844 3635 lib.
1866 3597 1968 3633 vu.
1990 3598 2045 3645 p.
2065 3586 2179 3632 284.

391 3669 581 3718 Criton.
645 3668 804 3718 Hunc
838 3669 893 3716 in
935 3667 1318 3730 Imperatorum
1352 3667 1551 3716 aedibns
1592 3665 1858 3715 Medicum
1888 3662 2072 3723 fnisse,
2107 3662 2266 3711 libros
2301 3667 2520 3726 quatuor

320 3752 420 3798 τῶν
437 3750 751 3810 mamistrie,
781 3747 879 3797 hoc
910 3754 1015 3810 est,
1032 3761 1208 3796 eorum
1232 3761 1347 3811 qum
1370 3747 1698 3796 adornatum
1717 3743 1947 3807 corporis
1969 3744 2213 3805 attinent,
2232 3741 2522 3805 scripsisse,

321 3829 492 3881 refert
512 3831 742 3880 Galenus
764 3826 889 3877 κατὰ
907 3826 1099 3889 τόπους,
1121 3840 1158 3874 1.
1173 3830 1224 3876 8.
1241 3841 1292 3888 p.
1310 3829 1426 3876 341.
1449 3833 1508 3876 et
1529 3828 1644 3874 342.

392 3912 600 3966 Ctesias,
620 3909 790 3972 patris
812 3907 1056 3970 Gnidius,
1079 3908 1318 3957 Medicus
1344 3906 1681 3960 Artaxerxis:
1716 3903 1861 3968 cujus
1897 3903 2131 3952 historici
2152 3902 2308 3953 fidem
2343 3904 2521 3956 laudet

319 3990 641 4041 Aristoteles
664 3989 805 4039 Hist.
832 3988 1051 4038 Animal.
1068 4001 1196 4038 vm.
1214 3991 1296 4037 28.
1335 3988 1661 4042 Plutarchus,
1679 3985 1732 4034 in
1752 3986 2062 4038 Artaxerxe,
2085 3983 2273 4050 aliique
2297 3986 2521 4036 elevant.

324 4073 592 4134 Excerpta
626 4071 959 4120 Persicorum
992 4070 1394 4136 Indicarumqne
1427 4081 1619 4128 rerum,
1643 4081 1770 4131 quas
1803 4067 1892 4115 ille
1926 4064 2152 4128 scripsit,
2172 4073 2357 4127 extent
2378 4069 2517 4130 apud

323 4153 573 4201 Pliotium
598 4151 836 4214 plurima,
874 4149 925 4198 in
962 4149 1101 4198 Bibl.
1124 4162 1298 4198 nxxn.
1331 4148 1544 4198 Indices
1568 4148 1851 4210 scripserat
1871 4146 2000 4196 libro
2023 4145 2307 4210 singulari:
2344 4148 2519 4198 Persi-

323 4247 437 4293 cas,
483 4229 828 4280 voluminibus
867 4229 1031 4278 tribus
1075 4239 1128 4279 et
1175 4229 1374 4293 viginti.
1455 4227 1671 4278 Librum
1709 4227 1931 4292 primum
1967 4229 2063 4277 τῶν
2095 4227 2312 4291 περιόδων
2344 4226 2519 4277 laudet
