3000 4917
496 351 671 432 4906
1470 372 1718 423 mnax

494 518 603 567 sive
623 516 852 580 Ludicra,
870 514 978 581 (sic
1000 515 1135 565 enim
1160 515 1481 580 inscripsisse
1514 516 1705 568 librum
1728 517 1771 567 is
1792 515 2047 582 videtur,)
2070 518 2299 570 citantur
2322 519 2389 570 ab
2412 520 2709 586 Epiphanio

496 596 701 647 advers.
724 597 929 647 Haeres.
956 612 994 647 ι.
1013 601 1096 647 34.
1119 613 1169 660 p.
1192 601 1307 647 232.
1369 598 1507 649 Item
1531 598 1597 647 ab
1618 598 1827 649 Irenoeo
1846 599 2095 650 adversus
2115 601 2354 651 Marcum
2379 615 2420 651 1.
2439 605 2491 650 8.
2513 617 2567 666 p.
2590 606 2677 651 68.

560 678 939 733 Anaximander.
978 678 1162 727 Patria
1191 677 1445 741 Milesius,
1483 677 1720 730 Thaletis
1757 678 2065 744 discipulus,
2110 681 2445 745 Xenophonti
2490 683 2708 746 aequalis

492 756 612 808 fuit.
678 758 834 809 Hunc
853 756 1045 808 Strabo
1069 758 1287 822 primum
1311 759 1548 811 extitisse
1572 759 1646 810 ait
1663 760 1759 810 lib.
1784 774 1825 810 1.
1848 775 1903 825 p.
1926 765 1976 811 7.
1990 761 2083 825 qui
2103 761 2248 812 orbis
2269 762 2427 813 situm
2449 761 2504 811 in
2528 762 2709 812 tabula

494 838 848 902 descripserit.
907 839 1056 888 Idem
1099 846 1323 889 testatur
1364 846 1422 889 et
1463 838 1852 905 Agathemerus
1888 839 2089 904 Geogr.
2124 856 2166 891 1.
2200 845 2250 891 1.
2287 855 2343 905 p.
2385 846 2433 892 1.
2492 841 2707 892 Obiisse

494 919 709 984 olymp.
746 932 908 969 ινιιι.
941 926 1126 970 auctor
1152 927 1240 970 est
1268 919 1618 985 Apollodorus
1655 920 1709 970 in
1751 921 2042 985 chronicis,
2066 921 2203 986 apud
2229 920 2407 973 Latin-t.
2439 936 2493 988 p,
2532 926 2621 974 33.
2650 923 2706 972 in

491 999 898 1050 Anaximandro.
966 1001 1129 1050 Plura
1146 1000 1213 1051 de
1235 1015 1299 1051 eo
1322 1001 1556 1052 dicemus
1579 1015 1645 1051 ιι.
1670 1005 1754 1052 78.
2069 1043 2076 1050 .

556 1081 896 1132 Anaximenen.
962 1082 1302 1145 Lampsacum
1346 1083 1397 1133 ei
1439 1083 1612 1146 patria
1653 1081 1786 1132 fait:
1833 1082 2099 1149 magister,
2139 1082 2406 1147 Diogenes
2451 1082 2703 1145 Cynicus.

491 1160 889 1212 Rhetoricorum
937 1162 1203 1225 librorum,
1247 1163 1336 1228 qui
1378 1162 1658 1214 Aristoteli
1696 1163 1850 1226 vulgo
1892 1162 2213 1225 tribuuntur,
2252 1170 2524 1213 auctorem
2566 1164 2705 1214 hunc

489 1241 863 1307 Anaximenen:
892 1243 1088 1293 eruditi
1109 1243 1270 1294 aiunt.
1333 1244 1557 1308 Scripsit
1575 1250 1630 1293 et
1662 1243 1730 1293 de
1754 1242 1930 1293 Rebus
1952 1242 2021 1292 ab
2058 1242 2360 1293 Alexandro
2383 1242 2590 1307 Gestis,
2614 1246 2702 1293 cui

490 1323 542 1371 in
574 1322 995 1387 expeditionibus
1030 1337 1202 1373 comes
1233 1322 1352 1375 fuit.
1415 1323 1687 1376 Laudatur
1709 1324 2027 1374 in'Pliniano
2047 1323 2230 1374 Indice
2266 1324 2356 1373 lib.
2383 1337 2495 1374 xit.
2519 1338 2625 1389 quo
2648 1327 2701 1374 iu

488 1400 622 1450 libro
661 1416 738 1452 eae
772 1403 986 1454 arbores
1019 1403 1402 1467 describuntur,
1435 1419 1563 1469 quas
1596 1404 1652 1456 iu
1688 1397 1816 1455 orbe
1849 1402 2057 1465 Indico,
2078 1410 2138 1453 ut
2164 1402 2323 1453 Plinii
2343 1402 2524 1457 verbis
2559 1410 2700 1467 utar,

487 1482 677 1532 mirata
699 1489 779 1532 est
801 1481 1087 1534 Alexandri
1110 1484 1189 1551 Μ.
1215 1485 1463 1535 Victoria.

550 1562 835 1626 Anaxipolis
859 1564 1076 1622 Thasius,
1096 1565 1315 1614 Varroni
1333 1570 1390 1614 et
1413 1562 1712 1614 Columellae
1734 1561 1977 1616 laudatus
2008 1560 2158 1611 initio
2180 1562 2351 1627 operis
2374 1561 2480 1624 sui,
2501 1575 2622 1624 cap.
2646 1564 2694 1610 1.

485 1640 619 1690 inter
638 1642 923 1706 scriptores
947 1645 1043 1694 Rei
1068 1645 1316 1694 Rustica».

548 1721 768 1771 Andreas
803 1722 1040 1774 Medicus.
1101 1724 1396 1774 Meminere
1432 1721 1571 1772 illius
1606 1721 1790 1772 Celsus
1824 1719 1876 1769 in
1913 1719 2132 1772 Praefat.
2154 1719 2247 1772 lib.
2269 1734 2324 1771 v.
2344 1720 2693 1773 Dioscorides

483 1800 537 1849 in
560 1800 777 1853 Praefat.
810 1801 1041 1853 Galenus
1074 1804 1127 1853 in
1149 1805 1360 1867 Explic.
1392 1804 1595 1854 vocum
1632 1802 1890 1866 Hippocr.
1910 1807 2052 1851 tomo
2086 1815 2151 1852 ιι.
2176 1816 2229 1866 p.
2249 1806 2332 1856 92.
2353 1802 2447 1852 ubi
2475 1801 2696 1867 Ἀνδρέω

481 1881 508 1928 ὅ
530 1882 620 1930 τοῦ
638 1886 879 1947 Χρύσαρος
896 1891 1113 1935 vocatur
1127 1900 1145 1935 ι
1181 1891 1236 1934 et
1254 1884 1572 1936 Scholiastes
1597 1882 1853 1933 Nicandri
1878 1882 1930 1931 in
1952 1882 2190 1934 Theriac.
2210 1897 2262 1945 p.
2287 1886 2368 1932 32.
2388 1883 2480 1948 qui
2502 1883 2692 1933 librum

485 1960 594 2025 ejus
632 1962 830 2028 laudat,
856 1978 1007 2029 quern
1044 1963 1270 2028 Νάρθηκα
1302 1963 1657 2028 inscripserat.
1722 1961 1851 2025 Ejus
1884 1961 2000 2011 libri
2032 1960 2140 2025 περὶ
2158 1964 2386 2026 δαπῶν,
2405 1965 2466 2012 de
2489 1964 2557 2015 iis
2588 1979 2693 2027 quc

482 2057 640 2092 mrsu
659 2048 885 2094 menaea
906 2050 1037 2110 sant,
1061 2054 1117 2097 st
1135 2045 1370 2102 alterins,
1393 2046 1469 2095 De
1490 2043 1554 2092 iis
1574 2058 1678 2107 quoe
1688 2041 1822 2101 falso
1836 2042 2113 2107 credantur,
2126 2042 2320 2098 mentio
2337 2043 2478 2107 apud
2499 2043 2693 2099 Athen·

481 2122 571 2172 lib.
595 2137 720 2173 vm.
746 2140 796 2188 p.
819 2129 934 2176 312.

546 2204 832 2257 Androtion.
894 2207 1172 2272 Ἀνδροτίων
1186 2207 1545 2270 Theophrasto
1578 2204 1722 2255 Hist.
1755 2203 1933 2253 Plant.
1956 2217 2017 2255 ιι.
2042 2207 2093 2253 8.
2116 2210 2172 2253 et
2196 2202 2455 2254 Atheneo
2479 2203 2574 2253 lib.
2597 2218 2686 2255 ιιι.

482 2301 535 2348 p.
567 2290 654 2336 76.
722 2287 944 2338 Varroni
968 2295 1023 2338 et
1044 2289 1347 2338 Golnrnellae
1372 2286 1520 2336 initio
1540 2284 1715 2348 operis
1740 2284 1821 2333 sui
1853 2283 2098 2341 laudatus,
2115 2283 2249 2332 inter
2269 2283 2557 2346 scriptores
2589 2284 2687 2334 Rei

486 2366 733 2432 Rustica»,
757 2383 972 2433 quornm
998 2370 1221 2433 patriam
1256 2380 1362 2417 non
1383 2364 1780 2430 comperissent.
1851 2361 2191 2412 Androtionis
2226 2362 2525 2425 Georgicon
2557 2365 2688 2416 citat

478 2444 756 2497 Athenaeus
780 2449 871 2499 lib.
890 2463 976 2499 ιιι.
1010 2465 1063 2514 p.
1083 2453 1166 2500 76.
1188 2454 1245 2498 et
1268 2452 1350 2498 82.
1374 2445 1510 2510 quod
1531 2458 1662 2509 opus
1686 2443 1751 2490 de
1777 2437 2118 2506 Agricultura
2139 2441 2338 2490 Plinius
2362 2443 2602 2505 appellat
2631 2434 2686 2493 in

478 2525 659 2578 Indice
682 2528 772 2579 lib.
795 2543 919 2580 vm.
956 2530 1003 2580 A
1026 2529 1284 2579 Pausania
1316 2540 1521 2578 rursum
1555 2525 1647 2575 lib.
1670 2537 1748 2573 vr.
1774 2538 1826 2587 p.
1852 2525 1967 2572 867.
1991 2528 2049 2571 et
2071 2521 2135 2571 ab
2158 2520 2416 2585 Harpocr.
2440 2523 2493 2571 in
2515 2523 2685 2585 Ἀμφί-

476 2614 632 2670 πολις,
670 2623 724 2673 p.
759 2614 843 2660 20.
905 2608 1130 2674 ’Ara-1805,
1161 2609 1258 2659 hoc
1293 2617 1394 2670 est,
1430 2607 1498 2655 de
1535 2603 1710 2656 Rebus
1744 2602 1937 2653 Atticis
1973 2603 2374 2659 commentarios
2414 2603 2685 2666 scripsisse

475 2689 687 2740 dicitur.

539 2771 767 2822 Annales.
832 2771 1146 2823 Pontificum
1169 2769 1518 2820 Maximorum
1542 2766 1771 2816 Annales
1793 2763 1997 2815 Tullius
2021 2770 2177 2817 vocat
2217 2763 2282 2812 de
2320 2760 2555 2831 ngibns
2592 2766 2624 2813 l.
2644 2779 2683 2815 ι.

476 2865 534 2914 p.
556 2852 672 2901 296.
739 2853 826 2902 De
848 2852 923 2901 his
944 2852 1082 2903 idem
1108 2852 1173 2901 de
1197 2852 1351 2902 Orat.
1375 2850 1465 2899 lib.
1490 2861 1554 2896 ιι.
1575 2862 1631 2913 p.
1653 2850 1768 2896 366.
1800 2845 1817 2874 ‘
1840 2846 1971 2895 Erat
1992 2844 2128 2894 enirn
2163 2843 2382 2899 historia
2418 2845 2547 2894 nihil
2584 2845 2682 2894 nisi

478 2928 755 2982 Annalium
779 2931 1074 2984 confectio:
1111 2932 1256 2996 cujus
1280 2931 1377 2985 rei,
1411 2927 1780 2990 memoriaeque
1819 2923 2045 2988 publicae
2082 2923 2365 2972 retinenda
2398 2938 2581 2988 cansa,
2620 2924 2682 2974 ab

477 3010 630 3061 initio
655 3027 827 3063 rerum
854 3014 1203 3064 Romanarum
1229 3024 1390 3075 usque
1413 3007 1478 3058 ad
1505 3008 1572 3056 P.
1593 3007 1829 3063 Mucium
1861 3002 2174 3054 Pontificem
2213 3003 2359 3053 Max.
2392 3019 2477 3053 res
2499 3020 2678 3057 omnes

481 3092 790 3155 singulorum
814 3108 1064 3143 annorum
1086 3090 1370 3157 mandabat
1395 3087 1565 3138 literis
1586 3083 1841 3135 Pontifex
1864 3085 2009 3134 Max.
2029 3081 2386 3149 efferebatque
2410 3085 2464 3134 in
2485 3086 2679 3150 album,

462 3181 533 3222 -et
556 3175 880 3237 proponebat
903 3174 1130 3224 tabulam
1154 3173 1313 3234 dorni,
1351 3174 1588 3233 potestas
1626 3173 1686 3216 nt
1722 3173 1865 3216 esset
1901 3165 2093 3229 populo
2124 3163 2509 3228 cognoscendi:
2540 3167 2679 3232 iique

463 3254 766 3319 etiamnunc
792 3254 1018 3305 Annales
1038 3253 1258 3304 Maximi
1280 3245 1647 3301 nominantur.’

537 3332 726 3383 Annius
751 3334 972 3394 Fetiult‘s,
990 3333 1236 3383 laudatur
1257 3347 1288 3380 a
1309 3330 1482 3381 Plinio
1496 3340 1697 3383 xxxiv.
1715 3330 1797 3377 13.
1831 3323 2119 3376 Historiam
2134 3337 2226 3374 seu
2247 3322 2483 3376 Annales
2505 3342 2672 3378 rerum

468 3413 819 3465 Romanarum
842 3413 1136 3463 condidisse
1159 3414 1203 3463 is
1225 3412 1454 3463 videtur.

532 3495 750 3545 Antoeas.
818 3494 1016 3544 Medici
1039 3494 1187 3558 hujus
1209 3493 1402 3543 mentio
1424 3498 1510 3542 est
1533 3490 1585 3542 in
1604 3488 1789 3546 Indice
1812 3486 2053 3537 Pliniano
2073 3487 2166 3538 lib.
2184 3499 2289 3536 xu.
2314 3492 2371 3537 et
2389 3498 2605 3537 xxvm.
2622 3493 2671 3539 2.

538 3575 730 3624 Antias.
796 3574 937 3624 Vide
966 3576 1182 3625 Valerius
1201 3573 1397 3624 Antias.

532 3655 818 3706 Anticlides.
878 3656 1197 3714 Ἀντικλείδης
1219 3652 1630 3719 Harpocrationi
1667 3650 2034 3712 ἰηΚαλιιύρεια,
2064 3664 2118 3713 p.
2143 3653 2254 3699 161.
2322 3649 2541 3700 Librum
2572 3653 2674 3714 περὶ

467 3737 667 3798 vomuit,
687 3738 784 3786 hoc
807 3745 890 3788 est
909 3740 969 3787 de
991 3738 1275 3787 Reverme
1297 3737 1607 3786 Graecorum
1633 3732 1700 3781 ab
1723 3732 2070 3797 ssxpeditione
2101 3728 2482 3792 Trojana,‚sive
2505 3730 2667 3796 Argo·

463 3826 735 3867 nautarum
759 3834 790 3868 a
814 3818 1082 3876 Colchide,
1106 3818 1286 3868 laudat
1311 3817 1597 3868 Athenaens
1621 3814 1712 3863 lib.
1733 3826 1817 3863 ιι.
1843 3815 2024 3876 μ.,466,
2060 3817 2117 3860 et
2149 3810 2345 3860 Euseb.
2370 3812 2551 3876 Praep.
2581 3814 2668 3863 lib.

465 3911 545 3948 lv.
570 3913 621 3961 p.
647 3903 759 3949 167.
825 3899 977 3963 Opus
999 3901 1142 3949 libris
1165 3906 1227 3950 ut
1248 3896 1515 3950 minimum
1542 3892 1768 3949 sedecim
1793 3891 2237 3953 comprehensumz
2304 3890 2494 3939 Snidas
2527 3893 2667 3955 item,

465 3992 517 4041 p.
540 3982 654 4027 302.
679 3988 733 4030 et
758 3977 1024 4045 Aristoph.
1042 3980 1212 4030 Schol.
1244 3979 1297 4028 in
1329 3977 1473 4028 Nnb.
1496 3990 1551 4040 p.
1571 3977 1685 4025 182.
1751 3968 1973 4030 Annam&
1995 3970 2142 4031 item,
2166 3970 2279 4020 sive
2298 3972 2359 4019 de
2385 3970 2546 4021 Rebus
2561 3974 2660 4023 De-

457 4058 620 4118 liacis,
641 4054 909 4123 scripsisse
933 4066 1113 4109 auctor
1128 4066 1209 4108 est
1228 4057 1400 4108 Schol.
1418 4054 1681 4120 Apollonii
1707 4052 1796 4102 lib.
1820 4063 1862 4102 1.
1884 4050 1951 4101 ad
1974 4065 2051 4099 vs.
2074 4053 2220 4100 1207.
2274 4050 2423 4100 AEtas
2446 4052 2657 4102 incerta.

466 4138 728 4188 Laudatur
754 4154 785 4188 a
810 4140 1088 4191 Plutarcho
1118 4139 1173 4189 iu
1195 4137 1495 4189 Alexandro
1518 4149 1569 4201 p.
1589 4137 1704 4185 691.
1739 4133 1876 4182 iuter
1905 4129 2185 4193 scriptores
2219 4129 2287 4179 de
2325 4131 2486 4191 rebus
2508 4133 2575 4182 ab
2597 4148 2655 4184 eo

462 4220 638 4283 gestis.
