3000 4917
506 376 682 445 4738

509 537 811 608 Attalica
852 541 1062 615 veste,
1093 536 1343 602 tabulis
1367 535 1601 621 pictis,
1631 527 1992 619 ceteroque
2024 533 2339 618 choragio
2357 542 2428 582 ¹⁸¹³
2460 534 2616 612 fuit,
2646 542 2720 601 nt

510 641 1065 708 inOEusculanam
1090 638 1317 703 villam
1345 639 1708 723 reportatis
1739 658 1892 721 quae
1917 638 2481 723 superfluebant³¹
2498 645 2521 674 ²
2551 656 2721 721 quoa

508 743 748 810 tidiani
793 762 962 808 usus
1011 741 1323 821 deliciis,⁰
1373 742 1651 807 incensa
1695 742 1857 806 villa
1909 743 1996 806 ab
2047 742 2234 806 iratis
2282 740 2518 815 εει-θὶς,
2564 759 2720 804 con·

508 851 907 914 cremaretur
935 859 1082 908 H·s.
1109 843 1433 912 millies.³²
1454 851 1475 880 ⁸

596 946 835 1010 Aufert
857 945 1176 1022 animum,
1199 949 1264 1009 et
1293 964 1338 1010 a
1368 944 1710 1011 destinato
1739 946 1973 1011 itinere
2004 944 2315 1029 digredi³³
2349 944 2541 1027 cogit
2563 963 2721 1008 con·

508 1047 856 1130 templatio
885 1050 1021 1112 tam
1055 1045 1355 1130 prodigae
1386 1048 1657 1125 mentis,
1683 1047 2023 1132 aliamque
2054 1048 2364 1112 connecti
2395 1046 2721 1131 majorem

507 1151 840 1216 insaniam
887 1167 925 1212 e
957 1148 1164 1229 ligno.
1252 1146 1329 1211 C.
1362 1146 1605 1226 Curio,t
1632 1149 1747 1233 qui
1776 1149 1953 1214 bello
1995 1149 2180 1214 civili
2211 1150 2279 1212 in
2311 1147 2720 1213 Caesarianis

507 1252 817 1335 partibus
863 1250 1052 1327 obiit,
1083 1248 1341 1313 funebri
1373 1251 1934 1331 patris.munere,1⁹
1963 1270 2117 1314 cum
2150 1250 2396 1334 opibus
2428 1253 2721 1332 appara-

507 1360 714 1439 tuque
761 1374 893 1420 non
938 1359 1174 1438 posset
1216 1372 1535 1435 superare
1576 1353 1930 1432 Scaurum,
1959 1353 2173 1440 (unde
2204 1354 2384 1418 enim
2425 1353 2579 1416 illiu
2621 1353 2720 1417 vi·

507 1457 716 1522 tricus
766 1456 978 1541 Sylla,
1009 1462 1082 1520 et
1128 1454 1411 1521 Metella
1451 1464 1667 1521 mater
1698 1457 2267 1541 proscriptionum
2293 1454 2548 1520 sectrix
2567 1455 2599 1518 ‘l
2625 1462 2723 1508 ³4*-

508 1558 685 1625 unde
727 1559 832 1624 M.
863 1559 1158 1625 Scaurus
1203 1565 1407 1641 pater,
1435 1559 1634 1623 toties
1683 1559 1998 1644 princeps
2037 1558 2363 1638 civitatiS,
2393 1565 2467 1621 et
2509 1555 2721 1620 Maria

508 1662 700 1726 anis*
729 1660 1067 1726 sodalitiis
1097 1659 1481 1741 rapinarum
1514 1661 2021 1743 provincialium
2050 1660 2237 1725 sinus
2253 1658 2354 1744 ‘0⁹
2398 1678 2552 1723 cum
2575 1657 2718 1742 jam

504 1782 589 1828 ne
616 1765 766 1847 ipse
806 1762 1071 1847 quidem
1104 1762 1396 1828 Scaurus
1423 1747 1801 1846 comparari
1829 1764 1960 1827 sibi
1990 1770 2245 1846 posset,
2275 1761 2559 1846 quando
2591 1760 2719 1825 hoc

508 1869 687 1929 certe
732 1863 1021 1932 incendii
1069 1864 1253 1930 illius
1307 1866 1658 1953 praemium
1710 1863 1970 1943 habuit,
2017 1865 2357 1930 convectis
2409 1882 2508 1928 ex
2562 1864 2718 1929 orbe

1240 392 1310 440 0.
1357 389 1597 441 emm!
1646 389 1981 442 saeuum

1768 2021 1791 2047 θ
1820 2013 1904 2062 Aa
1923 2012 2117 2063 delicias
2136 2012 2455 2075 quotidianas.

570 2020 600 2046 ¹·
630 2012 879 2077 Apparatu
892 2027 1057 2064 seenoe.
1769 2088 1793 2122 ς
1828 2080 2007 2142 Rem
2036 2078 2112 2127 “a

2009 2096 2035 2126 u
2110 2092 2209 2129 um.

567 2085 600 2120 Ρ
630 2078 786 2129 Ludis
804 2077 1042 2139 &funere
1058 2077 1218 2143 patris
1233 2078 1479 2130 exhibitis.

543 2322 665 2371 ontis
684 2320 891 2372 millibus
926 2320 1163 2372 Gronov.
1204 2327 1261 2371 et
1300 2321 1478 2384 vulgg.
1543 2322 1606 2369 ad
1642 2320 2054 2372 XL.m2·11.Vet.
2097 2320 2406 2370 Dalec.—81
2447 2320 2538 2371 Ita
2571 2321 2718 2373 codd.

503 2338 768 2436 {Iarduini
791 2393 845 2435 et
868 2386 1048 2436 Dalec.
1072 2400 1189 2436 cum
1225 2385 1348 2436 edd.
1377 2384 1637 2435 Harduin.
1663 2389 1708 2435 1.
1730 2390 1780 2435 2.
1801 2390 1852 2435 3.
1875 2393 1930 2433 et
1954 2392 2180 2436 recentt.
2243 2385 2574 2447 superfuerant
2599 2386 2719 2439 edd.

507 2458 641 2501 vett.
664 2456 721 2501 et
743 2450 977 2501 Gronov.
980 2454 1158 2500 —32‘
1180 2451 1265 2499 Ita
1287 2450 1420 2502 bene
1441 2449 1594 2499 codd.
1632 2450 1797 2512 Regg.
1820 2453 1868 2497 2.
1894 2450 1962 2499 33
1983 2449 2200 2499 Brotier.
2279 2452 2341 2497 ad
2382 2449 2462 2498 H·
2468 2449 2524 2500 S.
2547 2452 2720 2501 millies

505 2514 626 2565 edd.
651 2521 780 2564 vett.
816 2515 1050 2565 Gronov.
1087 2513 1350 2564 Harduin.
1385 2518 1431 2564 l.
1451 2519 1498 2564 2.
1525 2518 1574 2563 3.
1599 2521 1654 2563 et
1688 2521 1906 2564 recenti.
1972 2519 2380 2563 concremarentur
2413 2514 2529 2563 bina
2569 2515 2719 2565 millia

505 2581 725 2630 sestertia
743 2580 862 2631 cod.
885 2581 1066 2630 Dalec.
1070 2584 1199 2629 -33
1234 2579 1365 2630 Cod.
1393 2580 1577 2630 Dalec.
1598 2581 1837 2629 decedere.
1839 2582 1969 2627 -34
2005 2577 2153 2629 ldem
2175 2578 2360 2636 codex,
2372 2580 2720 2645 proscriptione

1461 2729 1468 2734 ·
1501 2707 1722 2758 NOTAE

572 2813 596 2848 θ
637 2803 897 2867 ctam-agio]
930 2802 1162 2868 Χοράγιον
1194 2804 1457 2854 scenicum
1492 2805 1569 2854 in·
1650 2820 1812 2856 caesus
1836 2801 1939 2857 est'.

506 2889 851 2933 strumentum
899 2889 1109 2943 vocant,
1152 2896 1256 2946 quo
1296 2896 1449 2931 scena
1491 2882 1569 2931 in·
1715 2888 1739 2914 ¹¹
1778 2882 1913 2933 Unde
1934 2882 2059 2933 euim
2090 2882 2192 2948 ini]
2228 2883 2347 2934 Non
2370 2890 2508 2940 erat,
2532 2883 2723 2949 inquit,

504 2964 744 3018 struitur,
787 2969 843 3011 et
882 2967 1182 3025 apparatur.
1271 2960 1478 3011 Dicitur
1512 2966 1569 3011 et
1651 2957 1885 3020 Curioni,
1940 2966 1996 3009 ut
2039 2959 2258 3022 Scauro,
2299 2959 2519 3009 vitricus
2554 2959 2717 3023 Sylla,

504 3040 806 3103 choragium
839 3035 1053 3101 funeris,
1097 3051 1192 3101 pro
1234 3034 1443 3087 funebri
1475 3051 1570 3101 ap-

545 3125 713 3167 aratu.

507 3133 541 3182 p
576 3199 596 3225 ¹
626 3194 747 3250 Quae
788 3188 1159 3255 superfluebant]
1205 3190 1335 3242 Quae
1379 3189 1567 3240 redun-

506 3267 720 3320 dabant.
784 3267 873 3316 Sic
897 3267 1025 3315 Μαι.
1090 3263 1165 3315 At
1185 3265 1237 3314 in
1261 3264 1436 3322 editis,
1460 3281 1567 3329 qm

502 3344 868 3408 tumuerant:
902 3342 1058 3405 forte,
1085 3348 1205 3403 post
1243 3342 1445 3392 domum
1479 3357 1565 3392 nr-

507 3419 694 3469 banam
716 3432 782 3467 ex
800 3417 1010 3467 scenico
1031 3431 1092 3466 eo
1115 3416 1458 3467 instrumento
1480 3432 1564 3468 or·

505 3501 703 3553 natam,
743 3508 861 3558 quae
908 3498 1236 3557 supererant,
1271 3493 1468 3556 rejecta
1510 3494 1563 3543 in

505 3570 676 3620 villam
701 3575 761 3620 nt
781 3569 1158 3632 intelligantur.

569 3653 588 3680 ⁸
610 3645 747 3695 ffs.
777 3645 863 3708 [ad
882 3645 958 3694 Η.
977 3644 1058 3708 8.]
1090 3644 1283 3707 millies]
1307 3644 1432 3695 Mss.
1453 3661 1562 3695 coa-

501 3726 791 3771 cremaretur
814 3719 886 3768 H.
903 3719 961 3769 S.
983 3719 1175 3770 utillies.
1246 3719 1319 3769 Ut
1337 3732 1562 3771 xxxvu.

502 3803 554 3849 6.
585 3798 602 3827 ‘
626 3798 818 3847 Datum
841 3797 980 3847 mille
1005 3794 1298 3847 talentum.'
1363 3796 1568 3847 Sester-

506 3874 635 3923 tium
660 3873 845 3922 millies
866 3880 1090 3922 centena
1109 3871 1271 3921 millia
1298 3870 1407 3936 (est
1429 3872 1567 3922 enim

504 3949 557 3999 id
581 3963 787 4012 semper
808 3947 1323 4012 subintelligendum)
1341 3957 1565 4000 monetae

503 4025 752 4079 nostratis
786 4026 943 4075 libras
976 4041 1068 4075 seu
1090 4024 1311 4075 florenos
1333 4023 1566 4075 efficiunt

508 4103 780 4149 10000000.
811 4101 909 4149 hoc
932 4107 1032 4163 est,
1055 4100 1232 4150 decem
1259 4100 1528 4150 milliones.

570 4177 589 4208 ⁸
622 4176 681 4224 G.
704 4175 873 4240 Cario]
905 4175 988 4226 Ad
1026 4191 1177 4240 quem
1210 4177 1447 4241 plurimae
1473 4178 1562 4226 Ci-

505 4252 707 4303 ceronis
750 4259 931 4302 extant
973 4253 1228 4317 epistola».
1317 4251 1365 4301 A
1407 4252 1562 4304 Jubae

506 4326 784 4392 Proefecto,
824 4342 940 4380 cum
996 4328 1287 4393 legionibus
1340 4335 1592 4392 quatuor-

1650 3039 1734 3083 tot
1757 3033 2083 3099 proscriptor
2105 3035 2325 3085 civium:
2363 3050 2470 3085 non
2494 3036 2718 3088 Metella

1649 3112 1862 3163 Caecilia
1897 3121 2084 3178 mater,
2122 3112 2231 3164 filia
2266 3114 2472 3178 Caeeilii
2509 3113 2719 3164 Metelli

1647 3186 1733 3237 Pii
1757 3188 2055 3254 Pontificis,
2073 3190 2174 3241 ὅτε.
2708 3239 2719 3248 ,

1711 3270 1737 3296 v
1767 3264 1989 3328 Secu-ix]
2018 3266 2263 3316 sectores
2302 3263 2432 3315 dicti
2467 3271 2610 3329 sunt,
2641 3265 2716 3316 in-

1647 3340 1763 3404 quit
1800 3342 2054 3391 Asconius
2092 3341 2144 3391 in
2183 3341 2336 3391 Verr.
2360 3333 2449 3391 ui.
2488 3342 2716 3392 aestima-

1646 3424 1808 3482 tores,
1832 3420 2251 3484 redemtoresque
2280 3419 2535 3469 bonorum
2572 3420 2715 3469 dam-

1646 3495 1771 3551 nati,
1796 3496 1884 3558 qui
1923 3509 2069 3558 spem
2105 3495 2236 3543 lucri
2271 3495 2349 3544 sni
2384 3495 2555 3544 secuti
2579 3494 2719 3548 bona

1642 3571 2106 3625 condemnatorum
2138 3572 2299 3620 semel
2338 3571 2716 3623 auctionaban·

1645 3653 1750 3699 tur.
1800 3647 1955 3697 Unde
1981 3646 2236 3697 Antonius
2258 3662 2288 3696 a
2310 3647 2579 3706 Cicerone„
2590 3647 2715 3699 Phi-

1643 3723 1739 3787 lip.
1762 3737 1826 3773 11.
1844 3728 1926 3774 75.
1945 3731 2116 3775 sector
2136 3722 2374 3787 Pompeii
2395 3724 2714 3787 appellatur,

1647 3800 1884 3864 quoniam
1927 3800 1979 3849 in
2011 3798 2405 3850 subhastatione
2439 3798 2586 3851 bona
2615 3800 2713 3851 Cn.

1647 3875 1888 3940 Pompeii
1911 3875 2221 3925 redemerat.

1710 3959 1743 3985 ⁸⁷
1768 3953 1836 4002 Et
1859 3949 2123 4013 Marianis]
2146 3948 2301 4000 Marii
2328 3954 2508 4013 partes
2530 3949 2586 3999 in
2610 3948 2710 4003 bele

1645 4026 1696 4075 lo
1718 4026 1856 4078 civili
1878 4026 2096 4077 foverat.
2144 4026 2435 4089 ..Iugurtha
2475 4024 2713 4089 largitio·⁴

1644 4102 1798 4151 nibus
1864 4101 2257 4165 locupletatum,
2331 4098 2706 4164 avaritiamque

1643 4192 1785 4226 snam
1832 4175 2021 4228 callide
2075 4175 2385 4232 occultasse,
2427 4175 2704 4227 Sallustius

1643 4260 1724 4304 est
1747 4260 1950 4316 auctor,
1972 4251 2022 4301 in
2046 4250 2197 4316 Bello
2217 4249 2563 4315 Jugurthino.
2600 4305 2606 4312 ᾗ
2700 4291 2709 4312 .
