3000 4917
2312 374 2485 440 4547

281 531 631 614 operosior
661 531 933 594 inventa
962 537 1140 595 erat:
1188 530 1514 615 duratque
1544 530 1701 595 talis
1733 532 1940 598 etiam
1971 551 2176 598 nunc.
2241 532 2489 598 Inven-

281 643 418 697 tam
473 633 791 697 linearem
837 632 1068 696 dicunt
1113 650 1157 696 a
1206 630 1515 697 Philocle
1560 632 1912 718 AEgyptio,
1965 635 2074 699 vel
2122 633 2489 700 Cleanthe(¹

281 735 657 800 Corinthio.
749 735 961 799 Primi
1004 753 1364 799 exercuere
1395 733 1682 800 Ardices
1725 736 2140 814 Corinthius,
2180 743 2249 802 et
2285 736 2486 802 Tele·

280 837 531 920 phanes
573 837 960 922 Sicyonius,
988 836 1136 900 sine
1183 837 1320 900 ullo
1361 837 1729 900 etiamnum
1771 837 1837 901 hi
1878 839 2157 915 colore‚¹
2192 838 2337 922 jam
2381 846 2485 902 ta-

279 961 427 1003 men
481 945 872 1023 spargentes
919 939 1179 1005 lineas‘
1235 938 1437 1003 intus.
1549 938 1719 1003 Ideo
1771 944 1839 1003 et
1880 947 2096 1023 quos⁸
2135 940 2486 1023 pingerent

278 1043 618 1106 ascribere
668 1041 1067 1106 institutum.
1154 1041 1426 1105 Primus
1478 1041 1734 1106 invenit
1779 1060 1893 1105 eas
1942 1042 2270 1120 colorare,
2318 1048 2488 1108 testa

276 1147 374 1220 (ut
401 1144 654 1226 serunt)
699 1143 899 1220 trita,t
943 1142 1394 1226 Cleophantus
1432 1140 1840 1207 Corinthius.
1929 1143 2157 1220 Hunc,
2203 1150 2322 1209 ant
2369 1162 2488 1208 eo·

277 1246 432 1310 dem
485 1247 752 1310 nomine
803 1246 1006 1313 alium
1051 1245 1283 1320 fuisse,
1333 1263 1535 1327 quem
1590 1244 1791 1308 tradit
1851 1243 2195 1311 Cornelius
2245 1244 2487 1330 Nepos

274 1355 586 1412 secutum
616 1348 686 1412 in
720 1348 990 1412 Italiam
1025 1347 1491 1424 Demaratum,
1536 1346 1884 1429 Tarquinii
1928 1347 2148 1412 Prisci
2195 1347 2487 1412 Romani

276 1449 454 1533 regis
502 1457 785 1533 patrem,
816 1450 1180 1532 fugientem
1225 1468 1269 1514 a
1317 1447 1645 1514 Corintho
1694 1447 1973 1531 injurias
2018 1447 2340 1535 Cypseli*
2386 1457 2488 1534 ty-

273 1552 486 1630 ranni,
517 1573 683 1617 mox
710 1553 1156 1618 docebimus,²
1181 1558 1207 1585 '¹

362 1671 468 1719 vr.
513 1656 673 1720 Jam
696 1657 869 1720 enim
895 1657 1215 1720 absoluta
1243 1659 1386 1717 erat
1412 1654 1675 1737 pictura
1697 1653 1898 1717 etiam
1928 1655 1995 1718 in
2029 1654 2257 1719 Italia.
2347 1654 2486 1718 Ex-

274 1763 422 1820 tant
466 1766 640 1823 certe
689 1759 1023 1842 hodieque
1078 1756 1486 1840 antiquiores
1540 1755 1726 1821 Urbe
1775 1756 2058 1838 picturae
2114 1755 2360 1823 Ardeae
2418 1757 2485 1820 in

272 1859 543 1923 aedibus
588 1863 823 1947 sacriS,
852 1861 1100 1946 quibus
1149 1859 1499 1942 equidem·
1544 1859 1766 1923 nullas
1810 1878 2004 1943 aeque
2031 1858 2312 1924 demiror
2341 1867 2480 1924 tam

876 386 1050 435 mr.
1099 384 1298 437 ms‘r.
1343 386 1491 434 ma.
1537 385 1796 436 xxXV.
1838 372 1906 438 6.

1203 2037 1264 2057 Ὀ
1270 2038 1382 2058 ‘000
1387 2038 1472 2058 056
1478 2036 1569 2058 000

335 2156 478 2205 Caoe.
501 2169 556 2205 v.
622 2161 648 2204 l
685 2158 702 2185 ‘
722 2156 805 2206 Ita
847 2155 1000 2206 codd.
1042 2157 1207 2219 Regg.
1259 2155 1437 2205 Editio
1482 2154 1745 2218 princeps,
1769 2161 1822 2204 et
1850 2155 1933 2206 Cl.
1964 2153 2224 2204 Durand.’
2258 2154 2477 2204 Brotier.

269 2221 533 2269 etianmam
568 2224 721 2271 colore
743 2221 973 2272 Gronov.
996 2223 1066 2271 al.
1090 2228 1221 2271 vett.
1248 2220 1508 2269 Hardnin.
1536 2224 1582 2269 1.
1603 2223 1654 2270 2.
1680 2223 1727 2269 3.
1754 2221 1950 2271 Miller.
1984 2221 2202 2283 Bipont.
2226 2226 2281 2268 et
2307 2220 2486 2269 Franz.

271 2290 370 2333 —2
407 2286 548 2335 Cod.
571 2287 751 2336 Dalec.
775 2288 1001 2336 dicemus.

351 2370 354 2373 ’
401 2380 416 2388 ’
1272 2395 1490 2448 NOTAE

332 2521 359 2554 Ρ
397 2513 463 2561 Et
482 2513 917 2576 monochromaton]
937 2512 1339 2578 Μονοχρόματον,
1419 2516 1597 2560 tecto:
1631 2511 1651 2541 ‘
1669 2510 1917 2568 Debere‚'
1936 2512 2033 2575 ait,
2055 2512 2071 2539 ‘
2092 2509 2368 2574 graphidos
2383 2510 2483 2560 sci·

270 2588 350 2634 vel
367 2586 661 2650 μυνόχροον,
681 2587 743 2637 ab
759 2602 853 2636 uno
864 2589 1031 2638 colore.
1065 2589 1335 2638 Picturam
1418 2587 1611 2636 entiam
1633 2587 1849 2646 habere,
1868 2602 1971 2651 quo
1995 2586 2197 2636 facilius
2221 2587 2484 2649 exempla-

267 2665 399 2712 hane
456 2664 918 2716 monochromaton
983 2665 1335 2718 Quintilianus
1418 2664 1563 2713 ribus
1587 2663 1761 2728 pictis,
1785 2678 1936 2728 quam
1971 2663 2094 2713 velit
2117 2662 2290 2725 operis
2314 2663 2484 2726 speci·

267 2740 508 2802 appellat
573 2740 863 2803 simplicem
918 2741 1166 2803 colorem,
1230 2753 1334 2790 11¹.
1416 2754 1518 2797 em,
1540 2739 1829 2790 deformare
1851 2738 2065 2789 valeat)
2131 2740 2319 2804 Neque
2342 2739 2483 2788 enim

270 2820 346 2864 10.
384 2830 510 2879 pag.
544 2819 661 2864 893.
693 2823 708 2845 ‘
732 2816 873 2866 Clari
910 2817 1136 2880 pictores
1173 2815 1335 2866 fuisse

267 2891 518 2940 dicuntur
561 2891 889 2955 Polygnotus
938 2899 1094 2956 atque
1145 2893 1335 2956 Aglao-

268 2969 420 3028 phon,
443 2982 666 3032 quornm
701 2969 924 3033 simplex
956 2971 1099 3020 color
1128 2977 1233 3020 tam
1256 2971 1333 3019 sui

266 3043 528 3093 studiosos
556 3044 722 3094 adhuc
753 3043 949 3107 habet,'
986 3049 1086 3095 &c.
1153 3046 1335 3095 Mono-

266 3122 534 3168 cliromata
577 3121 953 3184 Dalecampius
997 3136 1112 3173 cum
1160 3136 1331 3171 mono·

265 3195 534 3258 grammis,
549 3211 666 3259 quae
689 3194 837 3245 fuere
864 3197 1048 3248 coloris
1071 3199 1332 3262 expertia,

267 3273 398 3320 male
423 3271 722 3322 confundit.

326 3357 351 3389 ‘1
391 3348 483 3398 Vel
506 3350 765 3415 Cleanthe]
821 3349 974 3400 Alter
989 3351 1122 3401 hica
1145 3351 1330 3403 Clean·

268 3424 354 3473 the
376 3425 674 3490 Corinthio,
706 3427 854 3491 cnjus
887 3429 1122 3491 picturas
1152 3428 1333 3480 laudat

266 3501 458 3550 Strabo
475 3502 570 3552 lib.
593 3517 721 3553 vm.
748 3518 867 3567 pag.
888 3509 1003 3555 848.

324 3586 345 3612 ¹
376 3578 676 3641 Sjargentes
695 3581 872 3646 lineus]
923 3581 1110 3632 Altera
1131 3582 1246 3633 hoec
1266 3583 1328 3633 li·

265 3656 434 3703 neuris
459 3656 671 3718 pictura
703 3663 807 3718 est,
841 3657 1049 3707 rudiore
1083 3659 1173 3707 illa
1206 3673 1330 3722 per-

265 3728 475 3793 fectior,
518 3746 633 3795 quae
692 3732 862 3795 primo
906 3734 1019 3783 loco
1061 3734 1329 3798 explicata

265 3815 378 3854 esta
420 3820 538 3854 nam
585 3807 675 3855 illa
725 3807 877 3857 lineis
920 3815 1121 3859 tantum
1165 3808 1328 3861 fiebat

264 3882 826 3944 comprehendentibus
859 3886 1173 3936 exteriorem
1211 3889 1326 3951 pin-

262 3958 446 4018 gendae
491 3958 567 4006 rei
604 3959 887 4009 ambitumz
932 3961 1043 4010 hoec
1079 3963 1327 4024 plurimas

262 4032 488 4082 addebat
514 4034 640 4084 alias
676 4035 816 4085 intus
853 4051 945 4100 pro
982 4038 1178 4089 umbra
1201 4040 1322 4089 rati·

263 4120 362 4155 one
396 4122 618 4172 sparsas.
686 4111 1003 4161 Nominatur
1039 4114 1150 4164 haec
1195 4114 1328 4164 aliae

262 4184 432 4247 etiamr
460 4185 475 4211 ‘
499 4186 752 4248 graphi&
788 4187 980 4238 Graeca
1024 4191 1328 4240 imitatione.

265 4257 533 4311 Vitruvius
554 4275 593 4313 1.
632 4267 679 4312 1.
706 4262 794 4314 ubi
823 4265 1049 4328 loquitur
1072 4266 1135 4317 de
1161 4269 1326 4318 archi·

1414 2818 1586 2866 solent
1607 2816 1927 2879 exemplaria
1949 2815 2283 2865 aedificiorum
2309 2816 2489 2879 aliter,

1415 2905 1568 2955 qnam
1603 2891 1812 2954 pictura
1849 2891 2051 2948 lineari,
2090 2890 2295 2942 confici.
2362 2891 2483 2941 Hoc

1417 2981 1542 3017 vero
1564 2967 1848 3017 inventum.
1869 2967 2089 3030 pieturae
2118 2967 2327 3017 linearis
2352 2968 2479 3017 Cra-

1418 3041 1530 3091 toni
1550 3041 1914 3106 Athenagoras
1939 3044 2199 3107 attribuit,
2212 3045 2329 3093 loco
2354 3052 2480 3093 ante

1415 3120 1506 3169 cit.

1477 3207 1498 3234 ⁸
1530 3200 1646 3250 Ideo
1667 3205 1716 3249 et
1736 3199 1875 3264 quoe]
1935 3199 2042 3249 Per
2074 3198 2221 3248 initia
2243 3197 2373 3248 adeo
2396 3212 2478 3248 ru-

1414 3275 1493 3324 dis
1532 3276 1732 3339 pictura
1767 3273 1889 3337 fuit,
1923 3280 1986 3324 nt
2017 3286 2081 3322 ex
2116 3274 2266 3324 lineis
2303 3275 2477 3324 vultus

1414 3356 1636 3406 hominis
1675 3364 1764 3405 aut
1823 3355 2056 3404 animalis
2107 3354 2318 3418 agnosci
2371 3369 2477 3404 non

1412 3439 1609 3496 posset,
1635 3432 1731 3480 nisi
1756 3445 1942 3481 nomen
1966 3430 2335 3481 ascriberetur.
2391 3433 2477 3481 ΙΕ-

1411 3509 1577 3558 lianns
1616 3509 1738 3557 Var.
1775 3507 1916 3558 Hist.
1958 3521 2015 3559 x.
2056 3512 2140 3557 10.
2189 3506 2353 3558 ohan
2385 3507 2478 3570 ἄρα

1407 3584 1623 3647 ἀτέχνως
1652 3582 1839 3647 εἴκαζον
1868 3584 1933 3634 τὰ
1959 3583 2073 3646 ζῶα,
2109 3586 2236 3635 ὥστε
2278 3586 2471 3648 δπιγρά-

1406 3672 1515 3726 <petr
1556 3663 1717 3712 αὐτοῖς
1749 3660 1862 3713 ‘robe
1892 3659 2125 3725 γραφέας,
2159 3662 2305 3711 τοῦτο
2338 3662 2471 3724 βοῦς,

1407 3738 1560 3788 &nebo
1581 3739 1739 3788 ἵππος.

1470 3817 1487 3848 ²
1537 3816 1677 3864 Testa
1721 3814 1802 3878 (ut
1830 3811 2028 3876 serum)
2073 3813 2219 3876 trito]

1405 3891 1570 3952 igitur
1592 3892 1788 3940 colore.

1472 3974 1495 3998 ¹¹
1533 3964 1751 4030 Cypseli]
1811 3965 1915 4016 Qui
1961 3964 2341 4016 Corinthiorum
2388 3975 2469 4031 ty·

1406 4056 1598 4091 rannus
1623 4041 1741 4098 fuit,
1778 4042 2011 4091 Eetionis
2039 4042 2099 4092 F.
2137 4043 2204 4092 de
2232 4056 2335 4108 quo
2360 4044 2470 4094 He-

1407 4118 1519 4167 rod.
1560 4132 1600 4166 1.
1635 4121 1715 4167 14.
1750 4131 1803 4181 p.
1833 4120 1884 4168 6.
1916 4116 2136 4181 Κύψελος
2157 4119 2185 4167 ὁ
2204 4119 2470 4170 Ἠετίωνος.

1469 4204 1493 4230 v
1531 4195 1652 4244 Mox
1671 4195 1961 4262 docebimus]
1997 4198 2126 4260 Cap.
2148 4199 2231 4247 48.

1471 4280 1495 4306 ²
1532 4269 1957 4336 Qetbmequiaeem]
1990 4274 2074 4323 De
2092 4274 2186 4323 liae
2206 4272 2371 4325 forma
2393 4273 2467 4321 lo-

2288 3815 2471 3866 Rubro
