3000 4917
415 415 590 480 5006

416 580 501 621 tus
524 571 538 594 ’
571 570 848 633 significat,
875 570 1011 634 quod
1052 577 1257 618 veteres
1279 567 1480 619 Samni·

417 657 497 697 tes
521 664 551 697 a
591 648 798 698 Sabinis
823 642 924 696 orti
958 647 1009 696 id
1037 650 1316 695 tenuerunt
1342 660 1355 692 τ
1392 657 1477 691 ea·

413 724 532 774 dem
572 725 772 774 ratione
817 724 1003 773 Forum
1037 723 1304 772 cassinum
1356 727 1476 768 ‘ve-

413 807 497 850 tus
514 800 528 822 '
553 800 828 863 appeuari.
888 798 1139 861 Papinius
1162 798 1180 826 ‘
1199 798 1446 846 Casinum
1463 794 1478 818 ⁹

415 877 598 928 scribit
644 876 810 940 prima
848 875 1027 924 brevi:
1077 874 1476 938 ‘Nymphisque

411 952 644 1001 irabitata
701 950 873 1000 Casini
931 950 1075 999 Rura
1107 941 1481 1001 'evastanturl

411 1029 570 1090 Nune
615 1028 733 1076 Divi
775 1026 1054 1075 Benedicti
1093 1023 1381 1075 coeuobium
1423 1023 1476 1071 in

409 1104 843 1154 montecassino.
884 1102 1037 1151 Idem.
1083 1166 1088 1169 ἦ

479 1178 732 1241 Calenum]
770 1180 1017 1229 Calenum
1062 1177 1214 1227 hodie
1260 1177 1478 1226 Carinu-

408 1257 478 1306 la.
533 1257 723 1307 Juven.
756 1262 770 1284 ⁶
790 1256 859 1303 Et
885 1255 1039 1304 molle
1065 1256 1314 1303 Calenum
1345 1252 1480 1300 Por·

407 1340 617 1383 rectura
642 1333 750 1381 viro
771 1330 806 1392 3'
841 1330 954 1380 sub.
976 1330 992 1356 ⁴
1020 1330 1231 1385 vinum?
1257 1329 1394 1394 qnod
1423 1328 1477 1376 in

411 1423 474 1458 eo
499 1416 668 1458 tractu
703 1408 879 1466 nobile
916 1404 1053 1456 fuit:
1093 1414 1149 1455 ut
1175 1405 1476 1466 Massicum,

412 1485 709 1547 Falernum,
762 1482 1149 1544 Surrentinum,
1192 1480 1478 1541 Cecubttm,

410 1565 555 1616 dicta
593 1578 623 1612 a
658 1561 876 1611 collibus
915 1561 1111 1611 Caleno
1151 1557 1354 1619 vicinis,
1386 1559 1477 1606 im-

411 1640 590 1703 primis
616 1636 846 1688 vitiferis.
873 1637 1026 1685 Idem.

477 1714 829 1778 Ferentinum]
899 1712 1207 1763 Ferentium
1268 1710 1475 1761 'rusciae

409 1793 720 1850 Ptolemaeo‚
763 1790 897 1839 unde
937 1788 1242 1838 Ferentini:
1280 1788 1477 1836 Feren-

410 1870 576 1919 tinum
649 1868 803 1922 Latii,
880 1866 1020 1915 unde
1093 1864 1475 1914 Ferentinatee.

409 1945 595 1996 Strabo
628 1950 888 2007 perpetuo
922 1940 1232 1991 Ferentinum
1271 1939 1477 1989 scribit.

412 2023 512 2071 Eat
534 2031 589 2072 et
615 2021 664 2069 in
689 2019 897 2069 Samnio
924 2018 1232 2081 Ferentum,
1254 2016 1361 2066 eive
1383 2016 1477 2065 Sa-

412 2097 563 2160 binis,
603 2096 741 2144 unde
784 2094 1064 2143 Ferentani
1124 2101 1180 2143 et
1223 2092 1475 2142 Ferentii.

409 2173 588 2226 Valet.
605 2172 695 2220 lib.
722 2184 784 2220 ιι.
813 2169 1135 2219 ‘Habitabat
1155 2169 1208 2217 in
1234 2169 1360 2218 villa
1382 2182 1477 2221 aua

412 2263 579 2312 prope
618 2247 841 2296 vicinum
879 2246 1353 2309 Sabinaesegionia
1376 2246 1475 2294 Fe-

409 2332 616 2373 rentum
631 2322 665 2372 :'
688 2324 923 2387 quamvis
947 2323 1054 2373 iilic
1073 2322 1280 2388 quidam
1299 2324 1477 2387 legant

410 2400 645 2449 Fretum.
679 2399 833 2448 Idem.

476 2475 697 2540 Lauinii]
735 2475 798 2526 In
823 2474 983 2530 ruinis
1015 2474 1219 2528 Lavinii
1240 2480 1479 2524 exstrue·

411 2557 469 2601 ta
516 2559 599 2600 eat
629 2551 811 2599 civitas
856 2550 1113 2606 Indivina.
1179 2549 1335 2600 Aliud
1373 2548 1479 2600 fuit

413 2627 703 2684 Lanuvium
729 2628 1086 2689 municipium,
1109 2642 1138 2677 e
1164 2642 1266 2692 quo
1290 2626 1479 2677 Licinii

409 2705 645 2754 Mureuae
675 2703 923 2766 originem
945 2703 1243 2760 trahebant.
1314 2703 1479 2753 Roma

408 2780 741 2832 Tarracinam
785 2779 1085 2842 petentibus
1109 2780 1337 2829 occurrit
1365 2781 1478 2828 Ma-

408 2855 596 2917 rinum,
641 2853 830 2903 deinde
872 2854 1020 2906 Lucii
1060 2855 1297 2904 Murenae
1338 2856 1478 2919 vilia,

408 2931 579 2979 adhuc
612 2929 842 2979 nonnihil
877 2930 1105 2994 integra,
1138 2939 1193 2980 et
1236 2931 1475 2981 Portium

410 3004 683 3070 praedium.
751 3006 1007 3054 Marinum
1049 3007 1256 3070 quidam
1282 3008 1476 3056 Maria-

412 3095 532 3130 nam
558 3082 732 3130 viliam
757 3095 871 3129 ease
896 3090 1087 3145 putant
1108 3098 1123 3131 ς
1160 3083 1245 3131 aiii
1268 3090 1478 3133 extruc-

413 3162 525 3205 tum
564 3154 730 3204 fuisse
770 3170 836 3205 ex
865 3157 1062 3206 Lavinii
1103 3157 1282 3207 ruinis.
1348 3160 1474 3211 Qni-

407 3231 527 3280 dam
572 3231 638 3280 de
663 3231 919 3294 Zagarolo
944 3233 1234 3298 propinquo
1258 3235 1309 3283 id
1341 3237 1475 3286 exie-

408 3307 616 3355 timant.
683 3306 747 3355 In
772 3308 1000 3358 denariis
1041 3308 1285 3366 Romanis
1317 3312 1476 3375 insig-

409 3382 495 3431 nia
529 3381 675 3430 fuere
706 3391 926 3445 penates
950 3391 1154 3434 tantum
1194 3385 1321 3450 duo,
1358 3386 1474 3435 baa·

412 3466 493 3508 tan
525 3457 762 3518 manibus
810 3466 1061 3516 tenentes,
1097 3475 1253 3524 porca
1297 3463 1349 3510 in
1386 3477 1474 3512 eo-

408 3548 524 3583 rum
548 3532 756 3583 medio:
794 3534 931 3597 quod
959 3550 1045 3585 sua
1073 3536 1247 3590 AEneae
1271 3539 1473 3589 Lavinii

406 3625 597 3674 porcos
622 3611 769 3660 albos
801 3611 1015 3674 triginta
1052 3622 1351 3678 pepererat,
1381 3613 1473 3663 At-

371 3686 488 3736 ‘bae
537 3694 656 3748 post
699 3700 859 3736 anuos
907 3688 1123 3752 triginta
1167 3704 1199 3739 a
1243 3691 1473 3741 Laviniis

406 3762 696 3810 condendae
718 3770 1000 3813 ostentum.
1061 3766 1288 3815 ‘Ursinus
1312 3766 1475 3820 famil.

406 3836 605 3898 Sulpic.
641 3845 698 3885 et
737 3838 964 3888 Leandr.
995 3840 1048 3889 in
1072 3841 1316 3906 Descrip.
1338 3843 1475 3892 Latii

408 3911 629 3960 Litorai.
655 3927 772 3976 pag.
794 3918 908 3978 198.
941 3915 1093 3966 Idem.

476 3988 754 4051 Tusculani]
783 3990 957 4054 Prope
978 3999 1092 4041 erat
1117 3993 1241 4043 vilia
1264 3994 1471 4045 Cicero·

406 4062 489 4111 nia
512 4062 827 4127 Tuseuiana,
854 4066 1009 4116 hodie
1032 4068 1211 4118 Sancta
1242 4070 1408 4128 Maria
1420 4073 1473 4121 di

402 4143 571 4202 grotta
580 4139 794 4198 ferrata.
836 4141 1003 4194 Idem.
1077 4195 1082 4204 ,

479 4214 625 4275 Cujus
674 4231 838 4266 nomen
890 4220 1092 4268 osterum
1149 4222 1324 4285 dicere,
1364 4225 1471 4289 ξω]

407 4290 573 4341 Roma
612 4292 778 4343 altero
816 4295 1023 4347 nomine
1055 4296 1276 4349 Valentia
1316 4315 1471 4351 voca-

1115 426 1334 476 NOTAE
1382 421 1789 472 vAmoRUM
1840 420 1921 468 IN
1994 427 1999 432 '

1554 565 1724 614 batur.
1792 563 1931 613 Vide
1971 560 2195 613 Solinnm
2237 566 2352 611 c.2.
2378 561 2458 611 M.
2496 560 2626 610 Vei·

1553 658 1724 693 serum
1758 658 1860 693 rer.
1894 643 2114 702 August.
2153 642 2244 690 lib.
2269 654 2357 689 ιιι.
2381 656 2432 704 p.
2458 644 2543 688 50.
2566 646 2626 689 et

1553 721 1639 770 lib.
1660 735 1724 770 11.
1766 737 1816 784 p.
1840 724 1921 770 23.
1958 721 2068 771 Jui.
2089 718 2343 770 Jacobon.
2369 717 2620 780 Append.

1553 797 1618 846 ad
1644 797 1826 847 Famii.
1863 797 1997 846 Caea.
2030 812 2082 859 p.
2105 800 2156 845 9.
2196 795 2317 845 Pet.
2338 795 2485 844 Pith.
2512 793 2625 846 Ad-

1553 889 1689 924 vers.
1730 889 1769 924 ι.
1810 878 1860 923 4.
1903 872 2132 922 Brisson.
2168 873 2402 923 Forma.
2439 886 2493 933 p.
2535 874 2620 930 ⁷0,

1554 951 1759 1001 Fabi-ic.
1793 950 1945 999 Rom.
1971 964 2089 1011 cap.
2124 954 2176 999 2.
2217 948 2458 1012 onuphr.
2485 948 2622 995 Urb‘.

1555 1026 1705 1075 Rom.
1729 1041 1779 1090 p.
1801 1030 1884 1074 16.
1907 1034 1962 1074 et
1986 1035 2250 1075 auctorem
2285 1024 2458 1089 ipsum
2480 1021 2622 1072 iufra

1553 1106 1835 1152 xxvn1.2.
1869 1101 2021 1150 Idem.

1624 1179 1822 1243 Urbem]
1854 1180 1991 1229 Urba
2028 1179 2094 1227 ab
2131 1178 2280 1239 orbe,
2315 1177 2428 1226 sive
2468 1190 2622 1237 urvo,

1551 1256 1688 1322 quod
1713 1262 1767 1305 et
1801 1255 1984 1304 urbum
2012 1254 2221 1303 dicitur.
2287 1253 2489 1301 Urvum
2529 1266 2624 1299 an·

1553 1340 1658 1383 tem
1693 1331 1753 1380 τὸ
1785 1328 2034 1393 ἀνάσιμον,
2083 1329 2312 1393 indeque
2355 1336 2412 1377 et
2458 1326 2627 1376 aratri

1554 1424 1691 1471 pars.
1736 1408 1902 1458 Orbis
1925 1422 2078 1471 quem
2102 1414 2158 1454 et
2182 1404 2627 1469 Olympum,lim-

1555 1486 1693 1547 bum,
1716 1484 1959 1533 mundum
1994 1487 2260 1532 vocarunt.
2330 1480 2489 1528 Fossa
2512 1479 2629 1542 pri·

1553 1576 1691 1609 murm
1736 1564 1989 1609 excavata
2047 1558 2131 1606 die
2177 1557 2470 1620 auspicato,
2516 1571 2625 1619 qna

1459 1677 1469 1683 .
1554 1638 1864 1700 cingebatur
1886 1636 2008 1684 urbe
2037 1634 2237 1697 junctis
2274 1632 2406 1682 bove
2432 1646 2629 1682 vacca·

1553 1728 1654 1779 que
1680 1712 1948 1772 interiore,
1973 1717 2148 1760 aratro
2170 1710 2313 1758 sulco
2336 1709 2520 1772 ducto,
2543 1708 2631 1757 in·

1556 1798 1886 1852 troi-eumque
1904 1787 2158 1836 moenibua
2185 1784 2363 1836 factia.
2428 1786 2626 1835 Varro.

1553 1865 1766 1929 Magius
1787 1878 1879 1914 ιιι.
1900 1868 1982 1913 13.
2005 1864 2172 1912 Idem.

1621 1942 1742 1990 Tres
1778 1945 1944 2004 portae
1983 1938 2254 2001 habentem]
2295 1937 2626 1990 Quadi-atam

1552 2018 1712 2068 Fabio
1735 2018 1961 2077 Pictor-i,
1979 2015 2187 2077 Catoni,
2213 2015 2486 2077 Pompeio,
2516 2016 2629 2063 En·

1555 2095 1679 2143 nio:
1716 2101 1731 2123 ⁸
1755 2095 1824 2143 Et
1849 2093 1961 2158 quis
1988 2092 2245 2142 ,extiterat
2282 2092 2464 2140 Roma
2503 2106 2628 2155 reg·

1553 2183 1679 2219 nare
1704 2166 2013 2233 quadratae?
2047 2166 2334 2217 Plutarcho
2356 2167 2406 2215 in
2429 2167 2628 2216 Romu·

1552 2246 1604 2294 io
1647 2243 1963 2308 τετράγωνον.
2018 2243 2240 2304 Magius.
2331 2243 2624 2291 Portarum

1553 2321 1711 2371 Urbis
1743 2325 1827 2371 34.
1873 2319 2099 2383 nomina,
2145 2317 2625 2382 appeliationiaque

1554 2399 1806 2452 rationem
1831 2396 1949 2448 vide
1984 2395 2125 2460 apud
2170 2393 2323 2445 Alex.
2366 2394 2432 2444 ab
2460 2394 2623 2445 Alex.

1555 2488 1635 2524 lv.
1659 2478 1740 2522 lo.
2226 2501 2229 2506 -
2614 2494 2622 2516 -.

1624 2550 1845 2612 Cmupita
1856 2549 2058 2598 Larium
2076 2548 2274 2597 CCLX
2282 2548 2363 2611 Ἄ]
2384 2546 2625 2597 Antesta-

1554 2631 1640 2674 tur
1664 2625 1950 2674 ovidianus
1980 2624 2282 2685 versiculus,
2336 2626 2350 2651 ‘
2371 2624 2626 2686 Compita

1552 2711 1698 2764 grata
1717 2702 1853 2757 Lari,
1868 2702 2268 2765 compitagrata
2291 2699 2448 2749 cani.’
2482 2701 2624 2749 Nam

1552 2780 1605 2826 in
1658 2779 1901 2841 compitis
1952 2791 2156 2826 sacrmn
2204 2776 2620 2826 anniversarium

1551 2854 1770 2906 Laribus
1811 2853 2010 2904 fiebatx
2053 2854 2201 2902 unde.
2227 2860 2244 2883 ⁸
2268 2853 2619 2915 Compitalia'

1554 2928 1718 2990 dicta,
1737 2927 1847 2978 dies
1865 2929 1912 2976 ei
1930 2927 2185 2978 sacrificio
2195 2935 2383 2977 status.
2409 2928 2481 2976 Et
2498 2941 2619 2975 ver·⁴

1553 3004 1620 3053 ba
1635 3019 1750 3068 quae
1771 3004 2117 3067 subjiciuntur
2132 3003 2475 3066 intelligenda
2490 3009 2618 3052 aunt

1552 3080 1617 3129 de
1643 3080 1856 3143 paribus
1880 3081 2016 3130 inter
2037 3095 2094 3129 se
2123 3093 2156 3127 a
2178 3078 2398 3128 miliario
2416 3077 2484 3127 ad
2505 3092 2618 3128 om·

1552 3172 1643 3208 nes
1670 3165 1844 3219 portas
1867 3158 2070 3219 spatiis.
2106 3157 2274 3206 Gelen.

1621 3235 1857 3283 Currente
1909 3249 1941 3282 a
1997 3233 2244 3295 milliario]
2307 3230 2617 3282 Milliarium

1551 3317 1652 3372 est,
1678 3315 1725 3358 l.
1748 3309 1969 3373 spatium
2001 3308 2140 3358 mille
2166 3322 2429 3370 passuum,
2452 3312 2502 3356 2.
2526 3323 2621 3357 eo·

1549 3388 1722 3441 lumna
1758 3400 1917 3435 aurea
1950 3385 2003 3434 in
2040 3385 2213 3447 capite
2243 3382 2344 3433 fori
2370 3381 2617 3448 Romani,

1552 3462 1617 3511 ad
1641 3477 1792 3526 quam
1817 3462 1912 3511 viae
1933 3461 2155 3524 publicae
2174 3462 2616 3526 terminabantur,

1550 3543 1600 3590 3.
1632 3539 1734 3587 Vas
1778 3538 2161 3588 Balneatorinm
2198 3552 2441 3602 magnum
2488 3541 2616 3588 mul-

1551 3621 1718 3664 tarum
1761 3614 2124 3678 amphorarum
2166 3628 2363 3678 capax,
2389 3616 2612 3667 Senecas

1551 3691 1754 3746 Quaest.
1834 3690 2022 3739 Natur.
2076 3703 2163 3740 ιιι.
2203 3694 2285 3739 24.
2335 3689 2613 3751 ἰπνολέβης.

1549 3767 1813 3824 Miliiariae
1840 3768 2071 3830 porticus
2089 3781 2119 3815 a
2141 3768 2310 3830 spatio
2335 3769 2477 3818 milie
2497 3784 2614 3832 pas·

1551 3858 1718 3906 sumn,
1761 3844 1846 3912 vel
1890 3858 1921 3892 a
1972 3855 2185 3896 numero
2239 3845 2610 3897 columnarum.

1549 3919 1814 3970 Miiiiariae
1847 3920 1978 3972 oleae
2004 3932 2148 3969 xvn.
2177 3923 2254 3969 12.
2291 3920 2460 3969 Dalee.

1618 3995 2018 4058 Crustumerium]
2052 3996 2115 4045 In
2152 4009 2214 4044 ea
2239 3997 2453 4058 regione
2471 4009 2611 4046 nune

1550 4079 1669 4120 sunt
1688 4071 2152 4133 Monarotundua,
2175 4071 2528 4136 Palumbaria,
2551 4081 2611 4123 et

1550 4147 1786 4210 quaedam
1809 4147 2006 4211 oppida
2027 4147 2286 4210 ignobilia.
2336 4146 2473 4196 Vide
2484 4148 2611 4198 Sea*

1549 4225 1639 4287 lig.
1688 4226 1741 4275 in
1803 4225 2012 4276 Festum
2076 4238 2207 4275 voce
2263 4224 2613 4273 Crustumina.

1551 4302 1701 4352 Idem.
