3000 4917
852 366 1029 417 uxr.
1060 364 1274 416 Ἠιετ.
1321 365 1467 415 nra.
1514 365 1771 416 xxxv.
1811 353 1919 417 40.

2306 353 2482 421 4619

276 514 577 599 positas,
600 510 953 598 octoginta
994 514 1274 581 talentis
1292 526 1316 555 ⁰
1360 516 1823 583 venumdatae.
1906 514 2266 582 Talentum
2296 515 2480 583 Atti-

278 637 440 724 cum
471 632 555 682 x.
587 633 696 682 vl.
727 612 837 684 ΜΡ
880 622 1071 682 taxat
1114 616 1216 685 M.
1247 616 1555 683 Varro.³⁴
1635 617 2057 684 Timomachi
2100 638 2297 702 aeque
2340 620 2482 683 lau-

1203 799 1566 822 OOOOOOOOONO

275 918 328 963 et
353 913 578 963 Medeam
614 913 847 967 Gronov.
885 922 943 966 et
966 917 1274 983 vnlgg--M
1312 919 1564 972 Talentum
1597 920 1815 971 Atticum
1840 920 1997 972 XVI.
2031 922 2171 970 tamt
2207 917 2287 971 M.
2333 916 2491 967 Varro

279 994 516 1045 Gronov.
551 1001 610 1044 et
644 996 816 1059 vulgg.
874 997 931 1047 T.
956 997 1021 1048 A.
1050 999 1122 1049 X.
1151 999 1242 1050 VI.
1265 1004 1405 1052 taxat
1425 1002 1507 1051 M.
1539 1001 1690 1051 Varro
1715 998 1974 1051 Harduin.
1996 1004 2046 1048 1.
2120 995 2178 1047 Τ.
2200 994 2266 1045 Δ.
2290 996 2359 1045 Χ.
2391 987 2487 1046 VT.

277 1062 363 1122 qe.
406 1057 670 1109 Harduin.
705 1065 756 1111 2.
796 1066 848 1110 3.
877 1061 1075 1113 Miller.
1119 1071 1175 1113 et
1208 1065 1393 1114 Franz.
1463 1065 1520 1116 Τ.
1544 1066 1609 1115 Δ.
1634 1064 1707 1115 Χ.
1736 1063 1826 1112 VI.
1847 1064 1965 1112 mill.
1988 1066 2069 1126 ξε.
2088 1061 2305 1125 Bipont.
2378 1061 2491 1111 Tol.

232 1171 239 1179 ,
278 1130 443 1173 antem
458 1125 575 1174 Διὶ.
593 1125 736 1175 uait
763 1127 917 1176 Varro
942 1127 1011 1177 X.
1041 1127 1126 1178 VJ.
1145 1129 1259 1179 eliis
1280 1134 1483 1181 taxetur·
1505 1131 1623 1180 cod.
1645 1129 1836 1181 Delec-
1896 1128 2001 1178 Tel.
2018 1132 2177 1179 autent
2210 1125 2319 1175 Au.
2340 1130 2396 1174 ιιι
2414 1125 2489 1174 uit

286 1188 466 1252 Varro,
499 1190 738 1239 sexdecim
775 1192 1011 1242 sestertiis
1034 1198 1234 1243 taxatur
1253 1196 1380 1248 Vet.
1406 1196 1589 1245 Dalec.
1655 1195 1869 1245 Por-tius
1906 1192 2054 1257 legit,
2094 1190 2304 1241 XXIV.
2345 1189 2489 1240 H-S.

277 1252 499 1304 Hotom.
521 1268 646 1306 vero
668 1255 734 1304 de
748 1255 829 1306 Re
853 1257 1065 1310 Numm.
1082 1272 1203 1324 pag.
1225 1263 1341 1310 148.
1377 1261 1452 1312 X.
1478 1261 1573 1313 VI.
1604 1260 1705 1310 hoc
1724 1266 1826 1322 est,
1842 1257 2113 1309 denarium
2135 1270 2226 1306 sex
2241 1255 2488 1305 millibus.

1274 1405 1497 1458 NOTAE

277 1498 435 1560 leam,
457 1500 672 1566 egregie
692 1501 816 1552 lusit
829 1502 1130 1568 Antiphilus
1146 1503 1352 1570 Byzan-

279 1576 408 1637 tius,
429 1576 481 1626 in
510 1577 721 1629 Anthol.
746 1593 820 1631 tv.
839 1583 892 1631 9.
915 1581 1061 1645 cujus
1083 1581 1354 1645 Epigram-

281 1666 368 1701 ma
385 1652 581 1703 Latine
608 1654 869 1707 Ausonius
902 1656 1150 1719 reddidit,
1176 1657 1354 1723 Epigr.

277 1741 486 1778 cxxix.
508 1733 527 1758 ⁴
547 1729 792 1780 Medeam
815 1733 975 1783 vellet
997 1748 1113 1783 cum
1138 1733 1353 1797 pingere

276 1804 599 1857 Timomachi
618 1821 781 1863 mens.
803 1806 1117 1859 volventem
1132 1809 1184 1859 in
1204 1818 1353 1860 natos

279 1880 504 1931 crudum
522 1882 692 1932 animo
706 1882 906 1933 facinus
923 1902 938 1947 ς
962 1885 1245 1936 Immanem
1263 1901 1354 1936 ex-

280 1955 461 2006 hausit
483 1971 658 2007 rernm
680 1958 732 2008 in
750 1957 957 2010 diversa
970 1959 1222 2025 laborem,
1235 1962 1352 2012 Fin-

282 2040 439 2094 geret
461 2032 709 2085 affectum
734 2036 916 2086 matris
950 2042 1007 2087 ut
1041 2037 1356 2101 ambiguum.

281 2108 374 2158 Ira
415 2108 594 2158 subest
632 2111 909 2176 lacrymis:
956 2112 1221 2163 miseratio
1250 2127 1354 2164 non

283 2193 439 2235 caret
473 2184 582 2235 irat
617 2184 948 2237 Alterutrum
992 2187 1172 2237 videas
1206 2194 1265 2238 ut
1288 2187 1358 2239 sit

282 2262 336 2311 in
374 2263 655 2315 alterutro.
709 2261 1059 2314 Cunctantem
1082 2262 1213 2314 satis
1240 2271 1355 2314 esta

283 2352 406 2386 narn
430 2337 593 2402 digna
615 2346 699 2389 est
730 2338 981 2404 sangnine
1004 2345 1171 2390 mater
1190 2339 1358 2390 Nato-

283 2428 435 2464 rum:
476 2422 566 2464 tua
588 2429 691 2465 non
715 2414 956 2477 dextera,
989 2414 1358 2467 'l'imomachess

284 2490 355 2540 Et
380 2491 566 2556 Epigr.
591 2504 763 2543 cxxx.
787 2492 935 2557 cujus
955 2491 1039 2542 liic
1053 2493 1225 2543 exitus
1242 2498 1357 2543 estz

283 2575 300 2597 ⁸
320 2567 507 2617 Laudo
528 2568 918 2619 Timomachum
938 2585 954 2619 z
978 2576 1199 2620 matrem
1219 2568 1358 2633 quod

286 2643 461 2709 pinxit
495 2645 546 2694 in
585 2659 763 2694 ensem
791 2645 1166 2708 Cunctantem,
1199 2645 1359 2708 prolis

285 2719 537 2784 sanguine
556 2736 622 2769 ne
639 2719 902 2771 maculet.’
925 2722 1011 2771 De
1028 2721 1200 2784 priore
1219 2735 1361 2784 vero,

286 2813 378 2852 seu
404 2797 474 2847 de
498 2796 680 2861 Ajacis
712 2797 1018 2848 insanientis
1055 2798 1264 2862 pictura
1293 2797 1362 2848 ab

287 2873 473 2924 eodem
498 2872 834 2924 Timomaclto
868 2873 1156 2936 elaborata,
1176 2872 1364 2923 incerti

288 2951 564 3013 scriptoris
600 2952 922 3014 epigramma
953 2957 1120 3007 extat,
1150 2948 1365 3000 Anthol.

292 3040 370 3076 tv.
392 3031 445 3076 6.
493 3023 631 3088 Αἶαν,
647 3024 921 3089 Τιμομάχου
939 3024 1094 3075 πλέον
1113 3023 1146 3085 ἡ
1167 3023 1363 3089 πατρός.

289 3101 477 3164 ἥρπασε
510 3101 668 3165 τέχνα
702 3106 800 3161 Τὴν
833 3100 996 3166 φύσιν·
1019 3103 1047 3150 ὁ
1065 3101 1252 3166 γράψας
1273 3099 1368 3151 εἶδέ

293 3196 349 3229 σε
387 3177 689 3241 μαινόμενον.
753 3175 846 3229 Kal
888 3178 1223 3239 συνελυσσήθη
1258 3176 1368 3242 χεὶρ

301 3254 447 3319 ἀνέρι,
480 3254 563 3306 καὶ
598 3253 663 3304 τὰ
696 3252 905 3320 nepam&
932 3255 1127 3319 Δάκρνα
1146 3253 1260 3305 τοὺς
1279 3253 1367 3304 m-

295 3352 385 3393 *rm
408 3332 596 3383 mlv-ras
617 3330 742 3395 ἔμιξε
763 3330 950 3385 πόνους.
1001 3332 1067 3382 Iu
1091 3333 1235 3382 libris
1258 3331 1369 3381 edi-

295 3413 359 3462 tis
382 3408 540 3461 Αῖσαν
572 3409 851 3472 Τιμομάχου
887 3415 1134 3474 corrupte
1160 3409 1370 3475 legitur.

297 3488 448 3549 Aiax,
467 3488 761 3538 Timomachi
777 3486 935 3550 magis
950 3501 1018 3550 es,
1029 3501 1169 3550 quum
1182 3486 1367 3551 patris.-

296 3566 346 3615 ἰιι
367 3570 477 3615 arte
514 3565 711 3614 Natura
733 3569 803 3615 est
818 3580 835 3615 .·
867 3563 1049 3614 rabiem
1077 3564 1269 3614 viderat
1289 3563 1371 3613 ille

299 3646 448 3690 tuam.
510 3641 722 3704 Cumque
743 3640 846 3689 viro
868 3640 1066 3701 furiata
1099 3640 1242 3690 simul
1269 3656 1370 3690 rnu-

297 3732 418 3768 ntts:
472 3732 607 3766 omne
644 3717 823 3766 doloris
866 3717 1123 3781 Ingenium
1161 3717 1373 3768 tmcibnoe

299 3794 494 3844 miscuit
514 3794 567 3842 in
589 3794 831 3857 lacrymis.

361 3879 385 3905 ‘²
421 3870 688 3932 Octoginta
719 3870 937 3935 talentis]
977 3870 1208 3920 Monetae
1238 3869 1364 3920 Gal·

298 3947 414 3997 lieae
439 3947 598 3996 libras
622 3947 735 3995 haec
758 3947 968 3995 omniuo
990 3943 1240 4008 efficiunt,
1258 3945 1368 3995 sive

300 4023 548 4078 florenos,
571 4027 786 4075 192000.
843 4023 948 4074 Hic
975 4023 1271 4073 exclamare
1292 4022 1369 4071 lu·

296 4102 396 4152 bet
430 4117 549 4153 cum
584 4102 787 4151 Seneca
819 4099 991 4165 Epist.
1013 4113 1161 4151 xcvr.
1193 4100 1208 4127 ‘
1232 4097 1372 4150 Quid

302 4178 442 4227 inter
459 4191 649 4241 pueros
664 4183 721 4226 et
738 4190 830 4225 nos
846 4176 1101 4227 interest?
1125 4175 1222 4225 nisi
1236 4174 1374 4239 quod

298 4268 399 4305 nos
438 4254 583 4305 circa
620 4252 828 4305 tabulas
861 4259 917 4306 et
957 4259 1155 4303 statuas
1188 4251 1376 4302 insani·

1425 1520 1560 1565 mus,
1596 1503 1764 1556 carius
1800 1501 2004 1567 inepti?
2042 1501 2170 1552 Illos
2197 1501 2395 1564 reperti
2435 1498 2489 1565 in

1424 1582 1603 1633 littore
1620 1580 1810 1632 calculi
1824 1581 2007 1643 laeves,
2026 1585 2081 1629 et
2093 1577 2285 1640 aliquid
2300 1576 2492 1626 haben-

1429 1664 1510 1708 tes
1533 1657 1802 1708 varietatis
1825 1653 2130 1711 delectant,’
2149 1658 2248 1704 &m

1491 1732 1517 1768 ‘¹
1542 1734 1791 1784 Talentum
1809 1731 2036 1782 Atticum
2048 1730 2119 1781 X.
2144 1730 2234 1782 VI.
2251 1728 2353 1792 M.]
2373 1728 2493 1779 Hoc

1427 1817 1532 1874 est,
1565 1809 1835 1859 denarium
1858 1823 1951 1859 sex
1971 1804 2198 1857 millibus
2220 1824 2236 1859 ε
2270 1806 2493 1856 Gallica

1428 1893 1653 1937 monetis
1674 1885 1844 1949 libris,
1866 1892 1926 1936 nt
1947 1890 2160 1947 vocant,
2173 1887 2323 1934 2400.
2363 1883 2496 1932 Rec-

1428 1968 1506 2012 te.
1530 1963 1718 2012 Festus
1734 1961 1970 2011 similiter
1989 1959 2223 2011 Atticum
2241 1958 2496 2008 talentum

1429 2037 1617 2088 definit
1629 2052 1722 2088 sex
1736 2026 1961 2086 millibus
1974 2034 2257 2086 denarium.
2292 2032 2498 2083 Gellius

1429 2127 1518 2165 ιιι.
1542 2118 1625 2165 1⁷.
1659 2115 1761 2163 tria
1803 2112 1999 2162 talenta
2019 2110 2203 2162 Attica
2224 2110 2300 2160 ait
2324 2108 2499 2159 effice-

1431 2204 1488 2240 re
1512 2202 1691 2240 nxxn.
1723 2187 1886 2238 millia
1921 2187 2240 2242 sestertium,
2276 2186 2375 2235 hoe
2402 2192 2500 2244 est,

1432 2279 1608 2316 xvm.
1651 2263 1921 2314 denarium
1965 2262 2147 2312 millia.
2201 2262 2401 2311 seneca
2444 2256 2502 2311 et

1431 2341 1733 2392 Priscianus
1776 2339 2029 2389 talentum
2074 2336 2309 2387 Atticum
2355 2335 2504 2387 aiunt

1433 2432 1548 2469 esse
1573 2431 1739 2469 xxW.
1762 2415 2008 2467 sestertia
2030 2431 2045 2466 ε
2079 2414 2188 2464 sive
2203 2420 2427 2480 quatuor
2446 2420 2505 2464 et

1433 2494 1622 2559 viginti
1660 2492 1965 2544 sestertium
2005 2489 2202 2541 millia:
2261 2490 2359 2541 hoc
2402 2498 2505 2553 est,

1433 2585 1529 2620 sex
1551 2569 1713 2620 millia
1737 2567 2037 2619 denarium:
2072 2582 2190 2633 qun
2229 2574 2309 2617 ter
2341 2566 2506 2616 ducta

1435 2643 1670 2696 efficiunt
1694 2645 1780 2695 illa
1800 2644 1960 2695 Gellii
1977 2656 2152 2695 Lxxn.
2173 2644 2508 2694 sestertia.—

1433 2723 1450 2751 ‘
1471 2723 1751 2773 Talentum
1774 2721 1901 2771 illud
1925 2723 1941 2751 ⁴
1965 2719 2238 2786 magnum’
2263 2736 2294 2770 a
2315 2720 2507 2771 Plauto

1436 2805 1675 2863 vocetur,
1714 2797 1854 2863 qnod
1893 2797 2114 2848 dicimus
2146 2805 2354 2848 moneta
2377 2799 2508 2849 Gal-

1438 2876 1559 2940 lica,
1580 2877 1708 2926 deux
1727 2876 1857 2925 mille
1879 2880 2048 2940 quatre
2067 2880 2175 2925 cent
2193 2875 2337 2925 liures
2351 2891 2368 2926 .·
2396 2877 2507 2925 sive

1437 2952 1547 3002 huit
1581 2966 1691 3002 cens
1723 2951 1848 3002 έσιιε.
1902 2952 2048 3009 Mna,
2082 2951 2193 3001 sive
2216 2953 2375 3014 mina,
2393 2959 2453 3002 ut
2475 2966 2509 3001 a

1442 3029 1615 3079 Plinio
1650 3035 1862 3079 centum
1900 3027 2125 3077 denariis
2157 3027 2423 3084 definitur,
2454 3029 2506 3077 in

1440 3104 1545 3154 fine
1568 3103 1657 3154 lib.
1682 3117 1804 3154 xxi.
1839 3109 2063 3153 monetae
2090 3103 2360 3153 Francicae
2399 3101 2508 3155 effi-

1439 3180 1516 3231 cit
1558 3179 1732 3240 libras,
1771 3185 1832 3229 ut
1882 3187 2087 3235 vocant,
2143 3178 2509 3245 qnadraginta,

1441 3258 1866 3324 quur-antestante.
1921 3256 2077 3307 Hanc
2100 3270 2255 3321 porro
2277 3265 2510 3306 nostram

1441 3351 1504 3386 ac
1541 3333 1836 3384 Plinianam
1878 3331 2062 3382 talenti
2098 3346 2160 3382 ac
2193 3332 2347 3381 minae
2374 3331 2513 3383 aesti.

1430 3411 1723 3477 „mationem
1746 3408 1957 3474 egregie
1975 3405 2248 3458 confirmat
2271 3396 2512 3457 Herodo-

1445 3496 1547 3552 tus,
1569 3484 1754 3549 insigni
1775 3485 1891 3535 loco
1914 3490 2083 3547 certe,
2102 3483 2190 3533 lib.
2208 3496 2297 3533 ιιι.
2317 3497 2370 3547 p.
2392 3486 2509 3533 241.

1444 3564 1533 3614 ubi
1555 3563 1622 3613 de
1646 3560 1834 3625 pretio,
1856 3574 1959 3625 quo
1987 3558 2276 3609 conductus
2298 3566 2378 3607 est
2400 3559 2511 3607 De-

1442 3638 1688 3692 mocedes
1711 3638 1944 3688 medicus
1976 3645 2135 3687 aetate
2157 3651 2253 3685 sua
2276 3628 2512 3684 celebra-

1444 3717 1687 3766 tissimus.
1735 3716 1752 3743 ⁸
1778 3711 2072 3777 AEginetae,’
2107 3711 2298 3776 inquit,
2336 3717 2350 3739 ⁸
2378 3725 2513 3762 anno

1444 3799 1699 3858 sequente
1723 3789 2090 3841 conduxerunt
2120 3801 2237 3837 eum
2279 3788 2510 3838 talento:

1447 3867 1795 3918 Athenienses
1826 3878 1962 3915 anno
1994 3863 2153 3913 tertio
2185 3871 2397 3913 centum
2422 3863 2517 3914 mi·

1450 3945 1560 3995 nist
1595 3942 1905 4005 Polycrates
1923 3946 2106 4005 quarto
2121 3954 2254 3991 anno
2267 3938 2517 3991 talentis.'

1452 4019 1643 4073 Quain
1667 4019 1902 4069 oratione
1943 4031 2167 4080 semper,
2190 4023 2248 4067 nt
2285 4031 2379 4082 par
2415 4016 2517 4081 est,

1453 4108 1652 4146 merces
1675 4092 1884 4145 crescit.
1950 4091 2091 4142 Galli
2115 4093 2387 4145 dicerent:
2423 4094 2518 4144 Les

1457 4171 1754 4234 Magistra&
1771 4166 1985 4232 &Eg-ine
2001 4168 2069 4219 lui
2082 4169 2377 4234 assignereu
2392 4172 2520 4220 deux

1457 4250 1588 4301 inille
1627 4251 1796 4314 quatre
1828 4251 1936 4298 cent
1968 4246 2135 4312 lieres,
2177 4262 2239 4296 οιι
2274 4246 2380 4298 huit
2412 4250 2520 4298 cest
