3000 4917
488 325 661 391 4542
1221 343 1288 391 c.
1335 343 1578 392 rmmr
1626 343 1866 395 secun
1883 347 1955 394 nr

490 490 597 550 est
623 469 965 548 felicitatis
998 484 1359 567 specimen,
1390 504 1585 567 quam
1619 505 1887 569 semper
1922 498 2155 553 omnes
2188 487 2362 552 scire
2406 508 2650 572 cupere

490 584 711 671 qualis
752 587 952 650 fuerit
996 587 1260 669 aliquis.
1348 588 1574 651 Asinii
1613 588 1984 652 Pollionis¹3
2029 590 2154 653 hoc
2184 589 2427 656 Romae
2459 591 2678 656 inven-

492 696 655 766 tum,
687 688 806 772 qui
838 689 1108 770 primus,
1149 688 1642 753 Bibliothecam
1677 688 2014 764 dicando,¹¹
2057 692 2316 772 ingenia
2343 692 2679 756 hominum

491 806 633 851 rem
669 789 1004 870 publicam
1043 787 1317 853 secitfss
1414 787 1518 852 An
1555 787 1848 873 prioresi
1886 795 2219 875 coeperint
2247 792 2679 859 Alexandriae

557 982 584 1015 ¹²
616 982 1091 1044 Publicijurissecit.

1485 1096 1704 1180 §101¹AE

497 1241 709 1306 etenim,
736 1241 779 1290 si
805 1240 927 1306 quid
945 1240 1155 1304 dignum
1179 1248 1260 1291 est
1280 1257 1361 1292 me
1374 1242 1556 1306 judice
1632 1245 1778 1307 piens
1802 1247 1979 1297 audire
1999 1247 2315 1313 loquentem,
2338 1245 2448 1296 Aut
2478 1245 2545 1294 de
2564 1244 2685 1295 Pie-

496 1317 659 1379 credi,
696 1316 813 1366 Hoc
851 1317 927 1365 vir
966 1331 1095 1380 opus
1130 1315 1330 1367 faciens
1365 1319 1557 1382 aliquis
1632 1320 1708 1369 rio
1732 1321 2024 1385 Nymphsm
2058 1337 2244 1386 grege:
2286 1325 2493 1372 volvere
2516 1337 2688 1371 secum

497 1394 705 1443 desedit
726 1394 791 1444 ad
814 1394 1016 1457 ignem;
1049 1394 1191 1443 Diva
1208 1395 1300 1444 sed
1320 1396 1433 1459 ipsa
1452 1396 1558 1444 suis
1634 1398 1805 1446 Multa
1839 1398 2010 1447 animo
2048 1397 2323 1448 manifesta
2357 1398 2513 1448 fides:
2548 1412 2688 1447 nam-

495 1470 732 1518 manibns
753 1469 988 1519 Tritonia
1003 1468 1177 1533 finxit,
1212 1471 1455 1533 Corporis
1481 1472 1558 1519 in·
1633 1487 1734 1536 que
1757 1474 1900 1522 edita
1919 1488 2042 1524 cura
2065 1475 2145 1524 Ex
2163 1475 2323 1537 adyto
2344 1475 2532 1525 mentis
2552 1488 2688 1524 nunc

498 1544 624 1594 sessi
663 1544 919 1610 quondam
960 1559 1060 1593 nou
1097 1546 1395 1595 immemor:
1443 1548 1561 1609 ipsa
1630 1547 1750 1606 huc,
1776 1561 1910 1597 nunc
1935 1549 2153 1609 vertitur
2173 1549 2316 1612 illuc,
2346 1549 2517 1599 'l'exat
2533 1555 2597 1598 ut
2617 1561 2692 1595 ar·

497 1623 711 1684 Quippe
743 1635 836 1684 per
869 1635 926 1669 os
949 1621 1116 1684 magni
1150 1629 1335 1671 cautus
1368 1623 1562 1672 edebat
1633 1621 1845 1673 misouae
1864 1624 2062 1673 Sirenis
2086 1624 2256 1674 nobile
2280 1621 2528 1672 carmen-³

497 1696 733 1751 Homeri,
768 1696 1007 1762 Consors,
1042 1697 1263 1759 Phoebe,
1295 1697 1410 1746 tibi.
1474 1698 1561 1747 Sic

497 1786 651 1836 quem
696 1771 808 1821 vice
846 1771 1013 1834 patris
1054 1772 1234 1835 adoro,
1272 1772 1561 1823 Maeonides

496 1847 651 1896 stetit
671 1847 772 1896 bic.
824 1846 1035 1897 Senium
1063 1846 1313 1912 praeferre
1336 1849 1561 1913 videtur,

498 1921 669 1972 Dulce
693 1921 783 1971 sed
805 1921 903 1970 hoc
935 1921 1130 1972 senium
1169 1926 1270 1986 est,
1306 1930 1359 1972 et
1383 1924 1448 1972 ab
1471 1924 1562 1972 illo

498 1995 658 2046 ditior
680 1997 756 2045 ori
779 1996 1002 2047 Gratia:
1037 1999 1352 2047 conveniunt
1392 1999 1562 2061 gravi-

496 2079 580 2123 tas
600 2079 655 2123 et
675 2075 898 2123 amabile
921 2075 1195 2138 quiddam.
1247 2076 1451 2124 Blanda
1478 2091 1563 2124 ve·

499 2150 727 2200 recu-do
747 2150 990 2213 majestas
1013 2153 1154 2199 lucet
1176 2150 1230 2198 iu
1255 2165 1372 2213 ore;
1406 2152 1563 2201 Inua-

498 2233 580 2276 tat
603 2227 655 2276 iu
678 2241 839 2278 curva
873 2240 1029 2276 cauus
1051 2227 1258 2276 cervice
1289 2227 1564 2291 corymbos

498 2302 716 2352 vertice
737 2302 1082 2364 descendeus,
1106 2308 1162 2353 et
1191 2302 1564 2353 circumfundi-

500 2384 590 2427 tur
612 2393 792 2430 aures-2
842 2379 1031 2428 Mento
1055 2377 1216 2428 barba
1237 2378 1427 2427 cadens
1449 2393 1564 2440 spa-

500 2451 578 2502 tio
613 2452 928 2517 dispescitur
964 2455 1150 2516 amplo,
1197 2453 1441 2503 Mollibus
1477 2454 1566 2502 illa

500 2528 622 2592 pilis
644 2529 908 2592 multoque
934 2530 1210 2583 volumine,
1243 2542 1341 2577 nec
1374 2542 1430 2576 se
1463 2530 1563 2577 Co-

501 2603 586 2666 git
608 2602 661 2652 in
684 2609 975 2665 angustum,
996 2602 1089 2650 sed
1112 2604 1220 2651 late
1243 2603 1492 2664 excurrit,
1510 2609 1566 2651 et

500 2677 642 2729 infra
670 2678 740 2727 Et
763 2679 920 2728 vestis
942 2679 1090 2726 simul
1132 2686 1212 2728 est
1234 2695 1298 2728 ea
1321 2680 1566 2742 pectoris,

501 2760 562 2804 et
582 2753 742 2802 decus
759 2754 881 2802 oris.
932 2752 1091 2802 Nuda
1114 2755 1273 2803 comis
1294 2752 1436 2803 frons
1454 2762 1534 2803 est
1552 2770 1566 2804 z

503 2835 560 2879 et
597 2829 748 2879 adest
785 2829 1043 2893 sapientia
1075 2827 1257 2893 fronti,
1292 2831 1446 2879 Unde
1470 2830 1568 2879 sibi

504 2918 677 2954 mores
708 2905 867 2954 ducat
907 2919 1067 2968 puer:
1116 2912 1266 2955 extat
1303 2907 1567 2970 utrimque

504 2980 705 3029 Umbra
742 2980 1038 3044 supercilii:
1091 2995 1314 3045 namque
1351 2996 1435 3030 ars
1471 2981 1568 3029 hoc

504 3055 728 3120 provida
740 3055 925 3105 vallum
944 3053 1255 3120 Addiderat,
1280 3057 1426 3106 vacui
1449 3057 1572 3105 sub-

503 3138 657 3180 erant
694 3129 1040 3195 quialumiuis
1063 3132 1233 3181 orbes.
1291 3131 1568 3195 Aspiciens

505 3220 703 3256 cecum
744 3220 848 3256 uon
887 3221 1069 3270 posses
1122 3206 1369 3258 crederet
1425 3214 1571 3257 tanta

508 3281 951 3335 Obscuris‘oculis
991 3282 1226 3331 admixta
1261 3289 1346 3332 est
1366 3285 1566 3345 gratia=

504 3355 631 3406 felix
650 3357 769 3406 Hoc
794 3356 972 3406 vitium
1003 3364 1104 3419 est,
1127 3358 1370 3422 labesque
1393 3360 1570 3408 oculo·

507 3430 620 3480 rum
643 3430 840 3494 profuit
860 3431 976 3493 arti,
992 3433 1067 3481 Ut
1084 3432 1245 3494 magis
1266 3447 1334 3482 ex
1355 3432 1457 3482 imo
1483 3448 1569 3482 ve-

509 3505 659 3555 niens
697 3507 789 3555 lux
831 3505 989 3555 corde
1025 3512 1251 3569 pateret.
1322 3508 1569 3558 Nonnihil

506 3581 787 3633 introrsum
827 3596 940 3632 sese
976 3587 1129 3632 cavat
1166 3589 1384 3648 utraque
1414 3586 1568 3648 mala,

507 3657 744 3723 Utraque
777 3658 1008 3709 sulcatur
1042 3659 1200 3722 rugis,
1231 3659 1323 3708 sed
1360 3660 1567 3724 utrique

494 3740 756 3783 venustus
792 3733 889 3784 Est
911 3733 1099 3797 pudor,
1121 3735 1173 3783 iu
1210 3734 1354 3783 socia
1377 3735 1569 3798 recipit

509 3810 597 3873 qui
619 3810 744 3859 sede
766 3811 1034 3874 pudorem.
1069 3811 1228 3861 Errat
1243 3811 1357 3873 apis
1372 3812 1567 3861 circum

511 3886 687 3936 divino
712 3888 845 3938 vatis
869 3888 921 3937 in
948 3887 1055 3946 ore,
1094 3887 1299 3938 Pierios
1332 3888 1569 3952 paritura

509 3963 675 4017 favos.
708 3966 897 4015 Manus
915 3968 1079 4016 altera
1093 3967 1314 4031 palmam
1336 3966 1567 4017 Alterius

510 4047 704 4105 portat,
725 4041 940 4092 baculus
978 4046 1238 4092 sustentat
1275 4048 1567 4105 utramque,

508 4116 723 4167 Viventi
747 4132 855 4167 mos
878 4118 1041 4181 qualis
1063 4125 1208 4168 erat:
1242 4117 1334 4168 sed
1364 4124 1420 4168 et
1441 4119 1569 4167 arri·

510 4193 592 4256 git
628 4191 762 4243 auris
798 4192 1029 4244 Dextera
1066 4208 1144 4261 se,
1186 4193 1442 4246 Pboebum
1477 4208 1566 4244 cu-

1698 1706 1723 1741 8
1755 1698 1914 1746 Asinii
1951 1700 2203 1764 Pollionis]
2250 1699 2495 1747 Dicemus
2530 1697 2598 1746 de
2632 1712 2692 1748 eo

1635 1773 1686 1821 in
1726 1772 2012 1823 Auctor-um
2035 1773 2234 1825 Iudice.
2298 1774 2405 1823 Sed
2432 1772 2690 1822 Isidorum

1636 1846 1776 1910 andi,
1799 1849 1948 1912 Orig.
1975 1863 2052 1898 vr.
2074 1855 2124 1898 5.
2155 1850 2173 1879 ‘
2197 1851 2373 1898 Romoe
2410 1848 2613 1912 primus
2633 1849 2693 1895 li·

1635 1922 1843 1972 brorum
1856 1925 2058 1988 copiam
2078 1925 2289 1974 advexit
2306 1923 2536 1973 AEmilius
2557 1923 2698 1971 Pau·

1635 2000 1737 2058 lus,
1756 2001 1917 2048 Perse
1940 2000 2286 2049 Macedonum
2306 2013 2428 2062 rege
2451 1998 2694 2047 devicto:

1638 2074 1826 2122 deinde
1863 2073 2107 2126 Lucullus
2146 2090 2174 2123 e
2212 2075 2459 2123 Parthica
2496 2073 2695 2136 praeda.

1637 2150 1768 2200 Post
1791 2152 1880 2198 bos
1904 2152 2080 2200 Caesar
2101 2150 2244 2201 dedit
2268 2152 2345 2199 Μ.
2369 2149 2594 2197 Varroni
2606 2162 2698 2197 ne-

1639 2226 1830 2288 gotium
1878 2240 2033 2274 causa
2098 2226 2319 2276 maxime
2371 2224 2696 2274 bibliothecae

1637 2300 2021 2351 conservandae.
2074 2302 2305 2350 Primum
2324 2307 2495 2350 autem
2517 2300 2697 2348 Romae

1641 2377 1981 2426 bibliothecas
2012 2376 2303 2440 publicavit
2339 2376 2523 2431 Pollio,
2549 2374 2698 2423 Grae-

1639 2466 1725 2500 cas
1748 2452 1899 2501 simul
1921 2460 2078 2515 atque
2100 2452 2332 2507 Latinas,
2367 2450 2558 2499 additis
2580 2464 2700 2498 auc-

1640 2532 1809 2576 torum
1842 2526 2147 2590 imaginibus
2182 2527 2232 2574 in
2273 2525 2423 2581 atrio,
2455 2524 2591 2588 quod
2631 2522 2697 2572 de

1638 2603 1999 2652 Dalmatarum
2023 2601 2273 2650 manubiis
2303 2598 2701 2663 magnificentis-

1641 2677 1824 2726 simum
1845 2676 2201 2726 instruxerat.'

1704 2753 1730 2786 ¹²
1761 2754 2106 2803 Bibliotheeum
2121 2753 2344 2816 dicando]
2375 2750 2703 2811 Dedit-ando,

1640 2829 2011 2885 consecrando,
2037 2830 2234 2893 publici
2261 2828 2396 2892 juris
2436 2826 2697 2876 faciendo.

1642 2907 1845 2956 Plinius
1878 2905 2071 2956 Junior
2107 2904 2280 2967 Epist.
2321 2917 2361 2952 ι.
2391 2906 2442 2952 8.
2467 2901 2699 2950 meminit

1641 2980 1891 3031 sermonis
1913 2980 2046 3042 ejus,
2082 2986 2097 3008 ‘
2120 2991 2270 3043 quem
2307 2975 2449 3039 apud
2482 2976 2697 3024 munici-

1645 3072 1736 3122 pes
1775 3070 1895 3106 suos
1934 3055 2130 3118 babuit,
2154 3053 2521 3104 bibliothecam
2559 3051 2700 3101 dedi-

1643 3130 1889 3183 caturus.’

1703 3207 1718 3240 ¹
1742 3208 1823 3255 An
1842 3205 2051 3269 priores]
2077 3203 2271 3255 Scribit
2283 3203 2535 3259 Galenus,
2553 3203 2702 3252 Com·

1643 3289 1804 3331 ment.
1826 3296 1865 3331 1.
1887 3283 1939 3330 in
1963 3281 2222 3345 Hippocr.
2238 3280 2306 3328 de
2323 3277 2699 3329 Naturalium.

1643 3358 1783 3406 inter
1822 3355 2158 3414 Alexandria
2192 3360 2248 3403 et
2275 3353 2520 3416 Pergami
2542 3349 2699 3414 'reges

1644 3431 2029 3482 contentionem
2054 3429 2234 3491 fuisse,
2255 3427 2371 3492 quis
2395 3429 2545 3492 plura
2564 3433 2705 3475 vete·

1645 3522 1757 3557 rum
1783 3507 2039 3556 volumina
2060 3510 2407 3566 compararet.
2457 3503 2594 3553 Turn
2619 3515 2704 3550 ve·

1649 3598 1708 3634 ro
1731 3585 1921 3633 multos
1944 3583 2009 3632 ab
2030 3583 2316 3631 bominibus
2338 3580 2578 3645 pecunia
2601 3577 2707 3628 avl-

1647 3661 1727 3710 dis
1762 3659 1903 3710 falsis
1940 3667 2214 3709 auctorum
2236 3656 2529 3706 nominibus
2548 3655 2705 3704 libros

1646 3737 1922 3799 inscriptos
1943 3750 2078 3799 esse,
2101 3748 2204 3800 quo
2236 3733 2518 3784 vetustatis
2549 3731 2705 3796 pluri-

1648 3825 1785 3860 mum
1807 3810 1868 3859 iis
1889 3819 1944 3860 et
1967 3808 2296 3859 auctoritatis
2317 3805 2610 3857 accederet.
2642 3805 2703 3853 In

1649 3886 1985 3950 Pergamensi
2001 3885 2327 3935 Bibliotheca
2340 3881 2499 3932 fuisse
2513 3881 2705 3932 duceu-

1649 3972 1703 4014 ta
1725 3964 2036 4014 voluminum
2075 3961 2253 4023 millia,
2271 3966 2454 4009 auctor
2475 3953 2706 4008 est‘Plu-

1647 4040 1855 4090 tarchus
1877 4040 1930 4088 in
1955 4038 2200 4088 Antonio.
2249 4036 2311 4085 In
2337 4033 2720 4094 Alexandrina,

1647 4130 1809 4180 usque
1829 4114 1897 4164 ad
1921 4115 2274 4179 septingenta,
2297 4111 2498 4162 Gellius
2513 4111 2604 4161 lib.
2625 4124 2704 4160 vr.

1647 4206 1760 4257 cap.
1784 4192 1879 4242 ult.
1900 4190 1998 4240 sub
2020 4188 2195 4239 finem.
2259 4186 2614 4254 conflagravit
2643 4201 2706 4236 ea
