3000 4917
755 411 817 459 c.
866 412 1107 462 ΡωΝιι
1138 392 1485 470 ‘secun-mi
1535 421 1684 471 Lm.
1729 426 1810 473 ιι.
1854 412 1986 497 (7.)

267 560 396 596 num
417 548 664 600 custodes
691 550 954 605 Hesiodus
974 572 989 617 3
1024 571 1202 610 menes
1217 560 1340 612 Ser·

270 623 404 672 vius.
441 622 761 691 Ammianus,
784 629 873 678 lib.
900 644 1009 682 ιιι.
1031 648 1098 681 ex
1120 635 1340 685 Menan-

269 697 386 756 ἀπο,
409 700 588 750 sentim
612 702 666 751 in
683 702 854 754 lucem
872 706 1031 757 editis
1049 709 1338 760 bominibus

267 775 482 824 numina
519 776 716 828 sociata
750 781 829 830 sic
864 790 1036 846 vocat,
1076 801 1189 850 quae
1215 789 1335 837 vitae

267 864 475 900 cursum
500 859 707 918 regunt,
725 856 999 909 admodum
1025 863 1206 924 paucis
1228 864 1337 913 visa

263 924 461 988 insigni
485 927 681 980 virtute
707 933 847 984 viris.
914 937 1190 988 Menandri
1223 956 1336 990 ver·

266 1380 647 1443 conjunctionis
669 1387 836 1459 locus,
859 1391 1328 1456 scribendumque:

266 1456 497 1506 animalia
513 1458 658 1508 etiam
672 1466 722 1509 et
740 1462 901 1525 aliqua
916 1465 1146 1522 noscenti,
1163 1480 1226 1515 ex
1248 1482 1332 1516 ve·

269 1539 384 1580 tere
405 1534 650 1583 lectione.
679 1538 906 1589 Pintian.

320 1608 426 1655 Per
432 1597 636 1667 soe'tidos
656 1613 807 1675 cibos]
823 1616 983 1680 Auia,
1001 1632 1229 1680 porrum,
1245 1635 1331 1669 ce·-

267 1697 361 1744 pss
386 1683 635 1747 AEgyptii.
671 1688 808 1739 Vide
829 1688 982 1741 Alex.
1003 1692 1071 1742 ab
1094 1694 1246 1745 Alex.
1272 1710 1329 1745 ν.

266 1763 350 1806 10.
386 1759 555 1809 Dalee.

334 1835 647 1900 Atricotores]
725 1839 1038 1892 Plutarchus
1102 1850 1331 1894 testatur

266 1908 499 1959 Mortem
542 1912 646 1961 albi
689 1913 848 1965 fnisse
885 1919 1095 1981 coloris,
1135 1920 1327 1972 Osirim

267 1985 524 2048 subnigri,
539 1988 791 2051 Typhona
813 1989 954 2044 flavi.
989 1993 1136 2044 Iaera.

327 2064 515 2112 Juvat-e
536 2067 805 2130 mortalem]
841 2069 1030 2120 Cicero
1052 2086 1145 2133 pro
1175 2073 1326 2135 Liga-

266 2138 346 2186 rio
378 2140 563 2188 scribit
594 2142 827 2193 homines
851 2144 915 2193 ad
943 2147 1085 2196 Deos
1108 2150 1247 2197 nulia
1271 2164 1327 2198 re

265 2216 483 2277 propius
514 2217 782 2275 accedere,
815 2234 964 2282 quam
989 2223 1213 2272 salutem
1235 2225 1325 2274 ho-

265 2289 487 2338 minibus
509 2292 715 2341 dandoz
752 2293 806 2345 id
843 2296 980 2357 qnod
1015 2297 1203 2346 Strabo
1231 2298 1323 2347 lib.

264 2379 317 2413 x.
365 2364 432 2412 Εὖ
453 2364 547 2429 γὰρ
577 2367 756 2429 εἴρηται
776 2369 855 2418 καὶ
874 2372 1037 2435 τοῦτο,
1058 2373 1325 2436 ἀνθρώπους

261 2440 481 2499 μάλιστα.
499 2445 736 2504 μιμεῖσθαι
756 2445 902 2510 θεοὺς,
922 2447 1038 2497 ὅταν
1069 2448 1322 2512 εὐεργετῶ-

264 2531 362 2562 σιν.
398 2517 550 2567 Idem.

336 2592 458 2645 Quis
478 2608 573 2642 non
606 2595 999 2660 interpretatione
1032 2603 1218 2648 παίωσι
1237 2600 1325 2659 sa·

264 2667 449 2731 ceatur]
483 2670 695 2720 Mallem
716 2668 919 2735 regeres
940 2674 1218 2723 accusandi
1240 2690 1324 2725 ca·

264 2758 345 2805 su,
365 2743 821 2806 interpretationem.
860 2748 1051 2797 Sensus
1072 2749 1211 2798 enim
1236 2750 1325 2799 Ιισ-

266 2833 379 2866 rum
406 2820 677 2869 verborum
701 2822 812 2884 peti
843 2822 1002 2872 debet
1031 2825 1095 2873 ab
1118 2826 1217 2875 illis
1240 2828 1323 2877 Ci-

266 2895 594 2944 ceronianisz
630 2899 645 2925 ‘
669 2898 773 2947 Eos
808 2899 945 2948 enim
984 2902 1070 2963 qui
1113 2903 1200 2951 Dii
1238 2918 1340 2965 ap-.

262 2971 549 3033 pellantur,
590 2987 760 3022 rerum
805 2983 1013 3025 naturas
1058 2991 1190 3040 esse,
1223 2992 1324 3027 non

262 3044 459 3109 figuras
479 3048 747 3099 Deorum!
780 3050 1001 3100 Pintian.

333 3123 564 3186 Natum]
615 3125 799 3174 Cicero
833 3127 970 3175 enim
1000 3128 1071 3176 ait
1101 3143 1212 3189 eos,
1236 3130 1325 3191 qui

261 3198 353 3246 Dii
379 3199 733 3260 appellamur,
757 3215 921 3250 rernm
946 3211 1158 3252 naturas
1191 3219 1330 3267 esse,

261 3286 370 3320 non
390 3272 578 3334 figuras
604 3276 848 3325 Deorum.
885 3277 1049 3325 Dalee.

333 3347 661 3411 Jrvwmdum,
682 3349 790 3413 ξω]
829 3351 931 3399 Hic
972 3353 1068 3400 sibi
1106 3362 1326 3403 caveant

267 3423 381 3470 veri
407 3436 468 3471 ac
489 3423 563 3485 pii
579 3425 876 3488 Christiani,
899 3426 1178 3491 legantque
1199 3430 1325 3477 Lac-

263 3505 403 3546 tant.
425 3497 603 3547 Instit.
623 3501 744 3550 Div.
769 3515 806 3548 ι.
827 3505 875 3549 2.
911 3502 1059 3550 Idem.

330 3572 521 3636 Sacris]
551 3576 759 3637 Magiea
779 3578 1044 3640 inteiligit,
1062 3594 1188 3643 quos
1212 3595 1325 3630 uos·

261 3652 337 3700 tri
357 3651 373 3675 ‘
395 3651 707 3702 exorcismos
726 3653 738 3672 ’
773 3662 989 3702 vocant:
1028 3662 1082 3702 et
1111 3659 1325 3705 annulos

260 3727 470 3789 magica
488 3734 599 3776 arte
618 3727 863 3778 formatos
881 3730 1083 3792 oblique
1102 3733 1327 3793 sugillat,

262 3802 453 3865 quibus
476 3804 575 3852 vim
598 3818 836 3866 magnam
864 3806 1163 3854 tribuebant
1186 3817 1326 3855 vete-

221 3881 224 3884 '
262 3891 373 3938 res,
390 3876 452 3925 iis
477 3879 693 3926 maxime
718 3880 767 3927 in
785 3881 969 3943 quibus
989 3880 1326 3944 Cynocepha-

263 3952 326 4014 li,
350 3953 432 4000 vel
463 3952 806 4017 Harpocratis
830 3956 998 4019 imago
1017 3958 1225 4018 sculpta
1247 3972 1326 4005 cs·

265 4033 369 4076 set.
406 4027 559 4076 Idem.
837 4023 840 4026 ¹

339 4102 599 4167 Capitolio]
633 4105 707 4153 Ut
728 4106 990 4153 sanctiora
1014 4113 1187 4154 essent
1212 4120 1327 4168 pac·

264 4187 325 4226 ta
349 4186 404 4225 et
426 4186 704 4239 conventa,
731 4195 847 4228 cum
873 4181 1211 4243 jurisjurandi
1247 4195 1325 4228 re·

262 4254 395 4316 ligio
417 4254 727 4319 interposita
763 4266 917 4308 esset,
939 4257 990 4305 in
1030 4258 1143 4320 ipso
1175 4256 1325 4319 Capi-

2299 422 2472 489 4963

1418 564 1545 613 tolio
1569 580 1932 633 nonuunquam
1953 571 2165 639 fiebant,
2177 578 2320 628 velut
2337 595 2472 642 prae-

1414 648 1561 689 sente
1585 650 1639 691 et
1660 643 1905 695 audiente
1937 647 2181 715 Deo,'qui
2202 652 2469 706 trisulcum

1414 714 1465 763 iu
1490 718 1724 781 perjuros
1749 721 1907 770 telum
1936 733 2119 785 gerere
2143 728 2468 779 censebatur.

1412 788 1588 841 Plant.
1612 793 1663 841 in
1689 795 1900 845 Curcui.
1934 797 1951 824 ‘
1966 799 2103 851 Coo.
2130 801 2367 868 Namque
2393 806 2470 854 in-

1410 864 1648 916 cubitare
1684 868 1846 918 satius
1879 878 1932 922 te
1973 872 2147 924 fuerat
2178 877 2316 940 Jovi,
2351 881 2468 928 Tibi

1411 941 1498 1002 qui
1523 943 1714 991 auxilio
1737 943 1788 993 in
1804 945 2145 1010 jurejurando
2167 950 2286 1002 fnit.
2333 956 2467 1005 CAP.

1317 1043 1334 1052 -
1406 1015 1670 1079 Siquidem
1696 1019 1945 1072 incubare
1967 1025 2126 1074 velint
2155 1028 2241 1090 qui
2264 1029 2467 1091 pejera-

1409 1092 1597 1154 verint,
1614 1094 1780 1143 Locus
1802 1110 1905 1145 non
1918 1100 2144 1161 praeberi
2161 1103 2297 1164 potis
2309 1112 2390 1154 est
2415 1106 2468 1153 in

1409 1167 1705 1228 Capitolio.’
1740 1171 1893 1220 Idem.

1473 1242 1713 1306 Fortuna]
1736 1247 1979 1297 Fortunae
2001 1252 2143 1300 varia
2160 1254 2467 1322 cognomina

1409 1317 1526 1365 vide
1557 1322 1690 1382 apud
1731 1321 1881 1374 Alex.
1921 1324 1983 1374 ab
2019 1324 2173 1375 Alex.
2215 1341 2253 1376 1.
2291 1331 2371 1376 13.
2410 1338 2466 1377 et

1406 1391 1582 1443 Plaut.
1620 1396 1670 1443 iu
1714 1396 1907 1449 Pseud.
1956 1400 2209 1451 ‘Centum
2253 1402 2464 1453 doctum

1404 1470 1665 1520 bominum
1692 1476 1912 1524 consilia
1951 1476 2058 1526 baec
2095 1478 2325 1529 devincit
2350 1482 2466 1529 Dea

1405 1546 1636 1595 Fortuna
1654 1565 1669 1596 ε
1705 1556 1860 1613 atque
1884 1552 1980 1599 boc
2008 1567 2182 1602 verum
2207 1564 2308 1616 est,
2340 1556 2465 1603 Per·

1405 1619 1528 1669 inde
1563 1624 1620 1670 ut
1659 1624 1876 1688 quisque
1919 1625 2350 1693 fortuneutitur,
2389 1631 2464 1679 ita

1405 1697 1678 1758 praecenit,
1708 1706 1866 1761 atque
1902 1700 2088 1748 exinde
2124 1699 2308 1765 Sapere
2347 1716 2463 1752 eum

1404 1771 1660 1820 dicimus.'
1729 1772 1794 1821 In
1832 1774 2122 1825 Rhetoricis
2159 1778 2222 1826 ad
2258 1779 2462 1828 Hereu-

1403 1846 1541 1895 nium
1576 1848 1816 1909 leguntur
1841 1850 2053 1899 Pacuvii
2081 1867 2254 1902 versus
2277 1869 2462 1917 graves

1403 1928 1458 1970 et
1487 1923 1828 1974 sententiosi:
1875 1927 1890 1952 ‘
1915 1925 2194 1976 Fortunam
2231 1928 2462 1978 insanam

1403 2009 1535 2057 esse,
1556 2004 1610 2044 et
1633 2012 1844 2062 raecam,
1874 2007 1930 2048 et
1950 2000 2152 2063 brutam
2183 2004 2461 2066 perhibent

1401 2071 1741 2135 Philosophi!
1776 2076 1925 2124 Idem.

1465 2147 1581 2196 Sors
1614 2149 1716 2212 ipsa
1745 2165 1832 2212 pro
1856 2151 1964 2200 Deo
2000 2153 2091 2217 sit]
2144 2154 2208 2203 In
2246 2155 2460 2205 denario

1403 2228 1613 2271 vetusto
1638 2224 1874 2274 Romano
1910 2237 2158 2290 percusso
2183 2245 2214 2278 a
2237 2230 2460 2293 quodam

1403 2296 1666 2347 Plaetoriae
1699 2301 1890 2362 gentis,
1930 2303 2016 2365 qui
2058 2304 2173 2366 ejus
2211 2308 2460 2368 templum

1403 2374 1484 2421 vel
1507 2374 1863 2438 dedicaverat,
1888 2378 1967 2427 vei
1994 2377 2270 2443 refecerat,
2293 2383 2457 2447 Sertis

1397 2446 1568 2509 imago
1603 2449 1850 2512 impressa
1890 2460 1972 2502 est
2007 2468 2120 2504 cum
2157 2456 2237 2504 bis
2273 2456 2459 2520 literis,

1402 2535 1545 2573 snas.
1569 2537 1632 2573 ιιι.
1659 2537 1929 2575 esseron.
1954 2540 2097 2578 cesr.
2122 2542 2164 2580 s.
2186 2543 2234 2579 c.
2260 2531 2426 2592 Dulce.

1465 2600 1677 2649 Eventus
1697 2602 1937 2664 assignat]
1961 2604 2042 2651 Ex
2063 2606 2305 2668 opinione
2328 2606 2460 2656 Poe·

1405 2679 1573 2723 tarum
1596 2675 1647 2723 id
1673 2684 1956 2739 sunrptnm,
1979 2679 2065 2742 qui
2090 2680 2293 2744 singula
2315 2682 2458 2730 nobis

1402 2750 1660 2799 attributa
1682 2751 1852 2800 sidera
1870 2755 2122 2803 scribunt.
2181 2756 2457 2819 Papinius:

1403 2825 1715 2888 ‘Perpetuis
1752 2825 1914 2878 frenis
1949 2837 2104 2893 utque
2144 2831 2231 2878 uni
2268 2833 2460 2879 serviet

1402 2902 1591 2950 astro:'
1623 2912 1678 2950 et
1716 2903 1857 2958 alibi,
1887 2908 1902 2934 ⁴
1922 2906 2087 2953 iocum
2111 2907 2289 2955 cervix
2312 2906 2460 2955 dabit

1401 2976 1635 3024 omnibus
1658 2976 1847 3025 astris!
1882 2979 2032 3026 Idem.

1465 3050 1704 3113 Semezqzoe
1746 3052 1799 3099 in
1835 3067 1993 3100 omues
2021 3054 2217 3111 saturos
2253 3068 2458 3116 unquam

1400 3127 1507 3176 Deo
1547 3128 1811 3190 decretum]
1863 3129 2124 3178 Sincerior
2155 3131 2315 3178 lectio
2345 3131 2460 3179 Sal·

1396 3202 1731 3250 manticem-is
1763 3201 1974 3264 codicis,
1999 3203 2099 3252 Dei
2131 3205 2348 3252 decreto.-
2400 3213 2458 3253 ut

1401 3284 1510 3325 tres
1534 3277 1688 3325 dandi
1712 3270 1869 3325 casus'
1891 3278 2027 3328 inter
2048 3293 2104 3327 se
2128 3280 2457 3340 conveniant,

1400 3351 1550 3400 Aetro
1569 3367 1671 3410 suo,
1712 3354 1933 3402 nascendi
1954 3355 2153 3415 legibus.
2177 3356 2276 3405 Dei
2299 3359 2457 3405 decre-

1399 3433 1467 3476 to.
1504 3428 1733 3476 Pintian.

1467 3503 1636 3564 Petri-q
1653 3503 1805 3565 dieta]
1836 3504 1956 3553 Hoc
1989 3503 2088 3569 est,
2124 3506 2351 3571 bomilia,
2386 3510 2457 3557 vi-

1401 3578 1489 3640 lia,
1529 3580 1850 3640 spernenda.
1914 3579 2032 3629 Hac
2076 3582 2248 3643 phrasi
2293 3585 2456 3632 utitur

1402 3653 1624 3702 Fabius:
1660 3654 1888 3702 ‘Avidus
1921 3656 2076 3717 longe
2102 3655 2289 3717 fugare
2315 3660 2456 3706 volu-

1401 3742 1536 3787 cres,
1552 3737 1604 3778 ct
1624 3743 1835 3790 pascere
1848 3744 2009 3790 parva
2024 3729 2168 3779 dictu
2185 3732 2457 3781 animalia.’

1402 3803 1597 3850 Eadem
1623 3802 1996 3864 significatione
2032 3812 2245 3866 usurpat
2273 3814 2455 3854 auctor

1401 3876 1538 3925 infra
1571 3890 1672 3925 vn.
1706 3882 1788 3926 53.
1822 3879 1836 3903 ‘
1859 3877 2097 3927 frivolum
2131 3879 2313 3929 dictu.’
2347 3882 2454 3929 Da-

1401 3954 1491 4001 lec.

1474 4028 1578 4076 Uno
1614 4029 1800 4090 quidem
1840 4032 1914 4078 vel
1941 4031 2238 4093 preferenda
2273 4035 2455 4082 cunetis

1393 4104 1558 4165 bonis]
1608 4105 1771 4166 Lego,
1806 4108 2210 4168 repugnantibus
2253 4109 2454 4156 cunctis

1403 4181 1810 4244 exemplaribus,
1826 4181 2142 4244 praeserendo,
2165 4196 2265 4231 non
2281 4184 2453 4245 praese·

1400 4258 1563 4304 renda-
1600 4256 1824 4306 Pintian.
