3000 4917
816 378 997 426 NA'r.
1041 377 1239 425 misr.
1291 377 1434 425 mn.
1479 375 1770 424 xxxrv.
1813 357 1918 423 18.
2297 359 2473 436 4445

261 521 548 606 jacensv
587 537 858 605 quoque
907 520 1232 585 miraculo
1286 527 1415 584 est.
1508 519 1725 583 Pauci
1774 519 2088 602 pollicem
2134 516 2283 600 ejus
2333 537 2473 582 am-

270 626 675 708 plectuntur.
765 622 1066 708 Majores
1099 630 1256 686 sunt
1295 621 1516 703 digiti,
1558 640 1763 704 quam
1810 621 2150 704 pleraeque
2196 605 2488 704 statum}

270 725 476 790 Vasti
527 743 779 808 specus
819 723 1006 787 hiant
1045 722 1406 788 defractis⁷
1436 722 1769 786 membris.
1855 721 2259 806 spectantur
2296 719 2491 800 intus·

269 845 539 908 magnae
567 824 772 890 molis
814 839 1008 901 saxa,
1053 844 1334 906 quorum
1378 822 1665 906 pondere
1714 820 2166 908 stabiliverat⁸
2217 823 2472 884 consti-

277 933 494 991 tuens.
585 926 962 990 Duodecim
1016 926 1210 990 annis
1269 925 1532 990 tradunt
1573 924 1871 988 effectum
1924 938 2080 989 coc.
2133 922 2475 998 talentis,''

274 1048 427 1112 quae
471 1028 900 1094 contulerant
930 1047 1020 1092 ex
1051 1032 1379 1111 apparatu
1426 1026 1596 1108 regis
1639 1024 1961 1090 Demetrii
1993 1024 2241 1100 relicto,
2270 1042 2474 1088 morae

273 1131 538 1195 taedio.⁹
556 1140 584 1166 ¹
657 1130 827 1194 Sunt
850 1130 969 1194 alii
1001 1125 1289 1195 minoies
1317 1130 1446 1193 hoc
1476 1128 1546 1190 in
1578 1128 1815 1192 eadem
1844 1127 2006 1190 urbe
2036 1125 2288 1191 colossi
2318 1144 2475 1189 cen-

271 1236 463 1293 tum!
490 1242 804 1294 numero:
852 1230 975 1295 sed
1006 1231 1411 1313 ubicumque
1444 1229 1686 1309 singuli
1717 1229 2028 1303 fuissent,
2060 1226 2474 1294 nobilitaturi

271 1331 524 1396 locum.
612 1331 998 1415 Praeterque
1036 1332 1165 1396 hos
1222 1332 1512 1395 Deorum
1543 1331 1858 1413 quinque,
1889 1348 2065 1413 quos
2108 1327 2265 1394 fecit
2303 1328 2475 1409 Bry-

276 1433 483 1496 axis?
531 1431 906 1500 Factitavit
934 1432 1246 1497 colossos
1276 1438 1342 1495 et
1369 1430 1596 1495 Italia.
1641 1429 1977 1494 Videmus
2008 1434 2189 1494 certe
2219 1429 2476 1492 Tusca·

270 1534 497 1596 uicum
530 1533 928 1615 Apollinem
959 1534 1033 1596 in
1061 1534 1474 1598 bibliotheca
1520 1535 1754 1615 templi
1783 1532 2115 1613 Augusti,¹²
2144 1517 2491 1613 quinqua?

270 1636 459 1716 ginta
486 1634 727 1717 pedum
751 1642 805 1673 ¹0
833 1654 875 1698 a
904 1636 1174 1718 pollice,
1204 1630 1476 1699 dubium
1519 1654 1650 1698 aere
1688 1634 2180 1711 mirabiliorem,
2210 1650 2294 1694 an
2326 1630 2476 1714 pul-

271 1736 623 1799 critudine.
715 1736 911 1800 Fecit
942 1743 1008 1800 et
1035 1737 1159 1820 Sp.
1181 1724 1519 1802 Carvilius
1538 1735 1565 1772 ²³
1591 1735 1637 1799 J
1641 1754 1857 1810 ovem,
1891 1736 2008 1817 qui
2040 1740 2143 1797 est
2170 1735 2239 1796 in
2271 1731 2476 1814 Capi·

272 1837 465 1913 tolio,
498 1836 703 1902 victis
733 1837 1143 1902 Samnitibus
1176 1843 1439 1904 sacrata
1477 1837 1665 1920 legee
1710 1836 2178 1919 pugnantibuS,
2225 1853 2263 1897 e
2318 1852 2475 1915 pec·

1192 2014 1555 2038 MWOO

268 2132 495 2182 moliendi
531 2133 600 2181 al.
641 2139 763 2181 ante
802 2133 1129 2183 Brotier.—6
1161 2132 1381 2197 Lyndius
1411 2132 1738 2182 Groneia—‘I
1772 2131 1894 2180 Vet.
1927 2130 2104 2180 Dalec.
2150 2129 2478 2193 diffractis.—

271 2200 303 2243 8
336 2198 469 2246 Cod.
494 2197 679 2246 Dslec.
705 2197 829 2245 illud
847 2198 1258 2247 stabiliamus—9
1289 2198 1408 2245 Vet.
1441 2197 1620 2245 Dalec.
1672 2196 1815 2243 toedio
1836 2195 2019 2244 obsessa
2043 2193 2358 2242 Rhoda—10
2389 2193 2477 2242 Ita

269 2274 336 2309 ex
360 2261 517 2310 codd.
541 2261 842 2311 Harduinus
866 2271 920 2312 et
945 2267 1170 2311 recentt.
1215 2261 1485 2324 Apollinem
1517 2262 1570 2308 in
1609 2259 1886 2308 bibliotheca
1924 2258 2086 2321 templi
2119 2257 2334 2320 Augusti
2358 2258 2476 2307 Tus·

1268 2390 1484 2441 NOTAE

1484 2495 1506 2520 ²
1537 2485 1782 2551 Bryaxis]
1835 2483 2024 2550 Βρῦαεις
2066 2482 2095 2532 ὅ
2136 2483 2412 2546 δημιουργὸς
2452 2481 2478 2532 ὅ

272 2576 464 2610 annum
511 2560 692 2611 differt
733 2562 986 2628 Polybius
1026 2563 1117 2611 lib.
1155 2579 1203 2611 v.
1244 2564 1339 2613 boc
1418 2562 1675 2619 Ἀθηναῖος,
1733 2560 2148 2624 ἂγαλματουργὺς,
2199 2560 2478 2609 statuarius.

271 2485 451 2535 tertio.
535 2484 762 2536 Ruinam
807 2487 858 2535 in
903 2487 1177 2552 septimum
1220 2494 1342 2550 post

271 2644 369 2699 est,
404 2637 459 2686 in
497 2637 826 2701 Olympiadis
867 2652 985 2688 xm.
1015 2653 1202 2689 annum
1237 2640 1340 2703 pri-

272 2719 434 2762 ntum.

336 2796 361 2821 v
396 2789 499 2838 Sed
526 2787 723 2849 jacens]
765 2789 946 2840 Jacuit
988 2788 1153 2855 ferme
1194 2791 1340 2841 annis

274 2865 595 2928 nongentis:
645 2866 810 2914 donec
843 2880 976 2915 anno
1014 2875 1130 2929 post
1169 2867 1339 2916 Chris-

276 2949 385 2989 tum
445 2948 628 2989 natum
687 2954 880 2990 nomn.
966 2943 1340 2992 Saracenorum

273 3027 367 3064 rex
400 3015 638 3072 Mauvia‚
656 3024 812 3080 capta
834 3018 1036 3080 Rhodo,
1058 3019 1338 3068 mercatori

272 3091 479 3140 cuidam
507 3091 758 3143 vendidit.
811 3089 1017 3143 Auctor
1038 3100 1121 3143 est
1145 3094 1338 3142 Cedre-

273 3178 368 3214 nus
420 3174 714 3229 nongentos
759 3169 982 3218 camelos
1034 3168 1338 3234 fragmentis

273 3241 611 3303 asportandis
631 3242 717 3291 vix
739 3258 892 3305 pares
912 3242 1092 3296 fuisse.
1191 3236 1197 3240 ’

337 3324 372 3350 v
409 3318 572 3366 CCC.
603 3320 820 3382 talentis]
859 3318 1051 3369 Atticis
1087 3320 1340 3370 nimirum.

274 3393 509 3442 Monetae
536 3393 754 3443 Gallicae
781 3394 1213 3460 librasefficiunt,
1232 3397 1341 3446 sive

271 3465 517 3522 florenos,
549 3472 763 3518 720000.

335 3550 363 3577 ¹
402 3544 614 3601 Relicto,
628 3559 773 3596 morae
787 3546 956 3611 toedio]
990 3547 1054 3596 In
1073 3548 1204 3611 Reg.
1222 3553 1270 3597 2.
1289 3553 1344 3596 et

274 3620 406 3684 aliis,
431 3622 601 3670 relicto
621 3637 761 3670 moroe
780 3624 924 3672 radio
940 3624 1094 3673 obesse
1109 3640 1140 3673 a
1157 3624 1344 3673 Rhodo.

272 3700 457 3760 Forte,
466 3700 638 3749 relicta
651 3715 794 3750 morae
808 3701 950 3749 toedio
961 3699 1146 3751 obsessa
1160 3703 1344 3751 Rhodo.

270 3774 501 3824 solvisse
526 3776 846 3825 Demetrium
865 3776 1182 3826 obsidionem
1204 3775 1344 3825 Rho-

271 3851 347 3910 di,
368 3848 586 3900 foederis
609 3852 806 3914 specie,
825 3858 1006 3901 auctor
1027 3859 1109 3901 est
1131 3853 1342 3901 Plutar-

271 3927 423 3983 chus,
445 3926 498 3974 in
537 3925 649 3988 ejus
681 3926 810 3987 vita,
833 3942 947 3991 pag.
969 3932 1084 3979 899.
1155 3930 1341 3977 Deme·

270 4002 405 4050 trius
463 4002 509 4050 is
564 4001 895 4051 Poliorcetes
949 4001 1070 4058 fuit.
1100 4003 1342 4066 'primum

269 4076 437 4132 Asiae,
459 4091 584 4125 mox
608 4083 666 4125 et
685 4076 1013 4127 Macedoniae
1040 4093 1148 4128 rex.

338 4158 360 4192 !
394 4152 526 4201 Sunt
546 4151 640 4201 alii
662 4185 676 4201 .
703 4182 719 4200 .
744 4187 757 4201 .
785 4186 798 4202 .
821 4154 985 4203 colossi
1012 4155 1227 4220 centum]
1258 4155 1343 4206 Sic

269 4225 509 4276 Isidorus
536 4227 689 4291 Orig.
711 4241 834 4278 xiv.
857 4233 906 4278 6.

1422 2640 1660 2694 Clemens
1714 2638 1865 2688 Alex.
1915 2637 2188 2700 Protrept.
2235 2651 2353 2701 pag.
2395 2639 2478 2687 st.

1422 2715 1691 2763 Laudatur
1736 2722 1790 2764 et
1834 2729 1865 2763 a
1904 2714 2190 2765 Columella
2227 2714 2280 2762 in
2317 2710 2481 2763 Praef.

1424 2804 1540 2853 pag.
1567 2795 1647 2839 10.
1932 2818 1948 2829 ·

1484 2874 1510 2900 ⁸
1544 2867 1726 2929 Templi
1757 2866 1992 2931 Augusti]
2028 2866 2238 2928 Templi·
2268 2865 2335 2915 ab
2369 2865 2477 2917 Au·

1421 2946 1573 3005 gusto
1606 2941 1821 3004 conditi,
1841 2940 2234 3007 quodApollini
2273 2935 2481 2990 dedica·

1419 3018 1512 3065 vit.
1580 3018 1855 3066 Suetonius
1888 3017 1940 3065 in
1975 3017 2231 3080 Augusto,
2260 3030 2374 3078 cap.
2397 3021 2482 3066 29.

1420 3098 1436 3121 ⁸
1458 3094 1728 3156 Templum
1754 3092 2010 3156 Apollinis
2035 3093 2086 3142 in
2109 3106 2173 3141 ea
2191 3091 2345 3154 barte
2378 3083 2480 3140 Pa-

1422 3171 1596 3219 latinoe
1616 3170 1793 3218 domus
1809 3170 2079 3229 excitavit,
2094 3182 2244 3233 quam
2264 3168 2482 3217 fulmine

1418 3245 1577 3296 ictam
1597 3245 1878 3294 desiderari
1897 3261 1928 3293 a
1945 3248 2061 3296 Deo
2081 3245 2345 3308 aruspices
2364 3259 2484 3308 pro·

1421 3323 1741 3371 nuntiarant.
1784 3321 1979 3371 Addita
1994 3322 2226 3386 porticus
2238 3335 2353 3371 etim
2370 3321 2482 3372 bib-

1423 3400 1651 3448 liotheca
1676 3399 1859 3447 Latina
1880 3397 2203 3463 Graecaque)
2225 3402 2324 3448 διο.

1495 3473 1521 3508 ¹³
1548 3475 1634 3537 Sp.
1672 3474 1937 3537 Carvilius]
1975 3475 2187 3538 Spurius
2225 3471 2480 3524 Carvilius

1423 3551 1686 3601 Maximus
1711 3551 2029 3617 AEdilitatem
2067 3550 2296 3597 curulem
2320 3548 2479 3609 adep-

1426 3634 1510 3674 tus
1546 3634 1646 3690 est,
1679 3634 1735 3674 et
1768 3625 1975 3674 eum-L.
2010 3625 2220 3688 Papirio
2252 3625 2482 3672 Cursore

1424 3702 1555 3751 duos
1596 3702 1903 3751 Consulatus
1943 3701 2117 3763 gessit,
2156 3699 2480 3763 totidemque

1422 3779 1535 3842 egit
1566 3778 1868 3841 triumphos.
1933 3776 2219 3826 AEdilitatis
2249 3772 2484 3825 meminit

1424 3854 1598 3903 Livius
1621 3852 1711 3904 lib.
1736 3867 1794 3903 x.
1820 3868 1937 3917 pag.
1962 3855 2075 3901 1⁷3.
2105 3851 2168 3901 ad
2201 3850 2359 3900 Urbis
2392 3865 2482 3898 an-

1424 3944 1544 3978 num
1568 3942 1784 3978 ccccnv.
1849 3927 2116 3990 Triumphi
2152 3926 2217 3975 de
2244 3925 2484 3976 Samniti-

1423 4003 1537 4063 bus,
1562 4003 1698 4051 idern
1735 4017 1852 4067 pag.
1878 4005 1988 4052 18⁷.
2013 4001 2110 4050 sub
2142 4001 2261 4051 libri
2295 4000 2505 4074 decimi⁸

1425 4077 1596 4127 finem.
2399 4097 2410 4106 *

1486 4159 1509 4186 0
1542 4151 1743 4201 Sacrata
1769 4152 1895 4216 lege]
1926 4152 2161 4204 Quodam
2194 4155 2483 4201 sacramen-

1425 4238 1479 4280 to
1515 4221 1728 4294 initiatis
1771 4229 2039 4281 militibus.
2107 4231 2283 4280 Livius
2322 4230 2387 4278 de
2420 4241 2485 4279 eo
