3000 4917
499 385 672 455 5018
697 371 704 377 ’

500 549 654 598 duam
696 561 726 597 e
762 545 1030 609 Verbano,
1050 547 1290 598 Ticinum
1314 564 1379 598 ex
1406 549 1562 599 Lario

500 622 777 689 profluere,
796 624 906 673 sive
928 624 1232 688 interpretis
1255 625 1426 687 culpa,
1451 624 1564 674 sive

496 701 829 751 librariorum
882 715 1055 749 errore
1110 715 1173 750 ac
1230 702 1564 766 negligentia·

500 778 672 828 Dulec.

564 852 792 915 Sebinnus]
815 854 972 903 Nunc
989 854 1135 902 lacus
1160 852 1314 915 Issei,
1334 853 1384 901 in
1409 852 1562 901 Brix-

461 929 617 980 ‘iano
662 936 853 979 tractu.
920 931 1050 978 Eum
1094 927 1279 978 fluvius
1317 928 1491 978 Ollius
1532 943 1563 977 e

499 1006 852 1070 superioribus
889 1005 1019 1054 locis
1058 1013 1211 1054 uatus
1253 1004 1560 1067 ingreditur,

503 1096 565 1131 ac
591 1096 655 1130 ex
678 1095 742 1130 eo
764 1095 881 1130 sese
905 1078 1126 1144 profert.
1161 1082 1316 1130 Idem.

552 1160 687 1210 cir.
718 1172 810 1208 xx.
856 1158 935 1209 De
973 1157 1178 1222 Alpibus
1211 1163 1258 1208 et
1290 1158 1515 1219 gentibus

929 1235 1139 1299 Alpinis.

565 1313 730 1363 Rhoeti
760 1317 809 1361 et
836 1310 1095 1373 Vindelici]
1132 1313 1213 1361 De
1234 1312 1315 1361 liis
1338 1312 1416 1360 M.
1438 1312 1560 1362 Vel

496 1404 597 1441 ser.
626 1389 748 1439 Rer.
774 1387 911 1451 Aug.
935 1387 1024 1436 lib.
1048 1402 1087 1437 1.
1126 1387 1279 1438 Idem.

565 1465 804 1525 Eiusdem,
822 1469 870 1513 et
907 1463 1087 1513 Graios
1108 1465 1267 1524 sitisse
1298 1467 1475 1528 positos
1506 1466 1560 1515 in

491 1543 698 1593 transitu
724 1541 985 1591 Graiarum
1006 1540 1227 1604 Alpium]
1260 1541 1411 1591 Adde
1450 1541 1559 1591 dic-

496 1622 690 1671 tionem
734 1620 991 1674 exercitus,
1037 1626 1095 1668 et
1149 1618 1300 1667 deme
1346 1618 1559 1669 verbum

488 1696 685 1761 positos,
714 1710 783 1746 ex
804 1700 1024 1759 utroque
1048 1694 1332 1757 exemplari
1353 1709 1367 1744 ε
1404 1701 1461 1744 ut
1484 1696 1557 1743 le-

492 1772 719 1835 gendum
772 1770 875 1819 sit:
933 1768 1160 1829 Ejusdem
1214 1770 1453 1819 exercitus
1508 1777 1557 1820 et

496 1847 675 1896 Graios
691 1845 850 1905 fuisse
870 1844 923 1894 in
953 1844 1164 1893 vunnim
1183 1845 1445 1896 Graiarum
1463 1846 1556 1896 Az-

488 1924 641 1987 pium·
673 1922 907 1973 Pintiau.

564 2000 855 2050 Vennonetes
877 1998 1242 2063 Saranetesqne]
1275 1999 1555 2050 Rhenanus

491 2084 644 2141 putat
659 2076 957 2141 legendum,
988 2076 1276 2126 Vennonetes
1296 2077 1556 2126 Retenta-'-

488 2168 595 2218 qnc.
666 2155 799 2204 Sunt
833 2154 969 2202 enim
1008 2153 1345 2202 Vennonetes
1377 2154 1464 2218 qui
1498 2160 1556 2205 et

489 2229 700 2288 Veneti,
733 2229 879 2279 lacus
900 2229 1091 2278 Veneti
1129 2229 1342 2286 accolae,
1365 2244 1554 2295 nempe

491 2306 656 2370 partis
683 2306 829 2356 lacus
854 2305 1284 2355 constantiensis.
1319 2306 1492 2356 Dalec.

557 2383 783 2446 Tmplroeo
806 2381 1027 2445 Alpium]
1062 2383 1450 2447 Trophoeumsid
1473 2383 1554 2434 fu-‘

487 2460 592 2509 isse
622 2473 788 2524 prope
809 2458 1095 2523 Augustam
1119 2461 1433 2510 Praetoriam
1458 2463 1555 2511 Sa-

489 2535 740 2585 lassorum
786 2534 1091 2594 arbitratus,
1147 2535 1402 2599 deceptus
1453 2544 1554 2587 est.

489 2611 739 2678 Reliqniae
757 2610 873 2674 ejus
897 2611 1119 2674 tropbaei
1137 2612 1374 2661 visuntur
1393 2626 1556 2677 prope

487 2687 738 2751 oppidum
785 2687 999 2749 Monigo
1037 2686 1091 2735 iu
1128 2686 1431 2753 Liguribus,
1466 2703 1557 2738 ex·

488 2771 635 2812 tante
673 2761 839 2811 adbuc
863 2764 1102 2812 columna
1138 2765 1429 2829 cochleata,
1454 2781 1557 2828 qua

485 2846 541 2888 et
559 2837 808 2902 speculae,
830 2845 886 2885 et
909 2837 1043 2886 arcis
1067 2838 1183 2887 loco
1201 2846 1430 2891 utuntur.
1466 2841 1556 2891 In-

486 2917 616 2964 colae
656 2920 848 2963 vocant
869 2912 1079 2969 Torbia‚
1107 2916 1255 2978 quasi
1275 2915 1555 2981 Trophaea.

487 2992 659 3041 Dalec.

443 3089 452 3098 ·
551 3067 781 3131 Medulla]
819 3067 1061 3125 Medulli,
1094 3070 1179 3118 vel
1212 3070 1433 3120 Miolani
1465 3072 1553 3121 Li-

485 3161 688 3212 gurum,
706 3158 866 3210 supra
883 3145 1142 3194 Savonam
1163 3161 1329 3211 prope
1346 3149 1553 3197 Μαινεὲ

483 3226 580 3274 sin.
616 3225 771 3273 Idem.

550 3300 678 3362 Lege
714 3298 967 3362 Pompeia]
1000 3296 1049 3347 A
1078 3298 1173 3350 Cn.
1206 3299 1394 3363 Pomp
1428 3301 1552 3349 Sex.

486 3377 582 3426 Cu.
629 3375 818 3424 Nanno
857 3376 923 3423 U.
967 3374 1026 3424 C.
1068 3378 1188 3423 664.
1226 3375 1320 3424 hoc
1353 3384 1436 3425 est
1470 3379 1552 3427 88.

484 3459 608 3501 ante
651 3449 981 3499 Servatorem
1007 3449 1290 3512 Christum,
1330 3452 1553 3514 perlata,

484 3528 561 3577 uti
607 3533 755 3592 putat
794 3527 917 3576 Car.
952 3525 1131 3589 Sigon.
1167 3527 1235 3575 de
1268 3526 1391 3578 Ant·
1433 3527 1551 3579 Jur.

484 3604 606 3653 Ital.
630 3616 717 3653 ιιι.
740 3606 792 3651 2
826 3601 979 3650 Idem.

731 3679 870 3728 CAP·
893 3689 1013 3726 xxr.
1050 3675 1319 3741 Illyricum.

548 3754 821 3820 Illyricum]
857 3753 939 3802 De
964 3753 1058 3802 boc
1091 3762 1342 3816 orientum
1369 3754 1435 3803 ad
1461 3767 1549 3806 ve·

483 3841 624 3882 teres
664 3846 747 3882 res
790 3832 1049 3880 Romanas
1092 3826 1219 3879 facit
1262 3831 1438 3894 Sigon.
1481 3832 1549 3883 de

482 3909 610 3959 Ant.
633 3909 752 3960 Jur.
772 3908 934 3957 Prov.
958 3920 997 3955 ι.
1020 3909 1069 3955 7.
1094 3914 1151 3955 et
1174 3905 1550 3971 Onuph.,Pan‚

480 3984 585 4033 viu.
606 3983 743 4046 Imp.
774 3982 927 4031 Rom.
954 3995 1073 4043 pag.
1094 3984 1177 4029 77.
1200 3987 1257 4029 et
1279 3982 1547 4034 Paucirol.

481 4072 639 4123 super
664 4057 836 4107 Notit.
860 4056 1070 4106 Orient.
1093 4068 1211 4117 cap.
1236 4059 1321 4106 23.
1340 4064 1397 4106 et
1420 4072 1546 4109 non-

480 4135 623 4183 nulla
643 4143 845 4196 qnoque
861 4132 938 4182 Μ.
955 4131 1163 4182 Velser.
1182 4131 1307 4181 Rer.
1320 4131 1547 4196 August.

482 4211 623 4260 circa
646 4207 979 4272 principium.
1012 4208 1185 4257 Delec-

552 4284 658 4333 Uno
685 4281 873 4332 nomine
895 4281 1146 4350 Illyricum
1161 4283 1377 4350 vocatur]
1412 4286 1546 4342 Ber·

1203 404 1419 454 No'rAE
1469 401 1877 453 VARIORUM
1931 405 2056 453 IN·

1640 545 1804 598 nai-'do
1827 548 2055 610 Justino,
2079 548 2342 598 D‘alm‘atae
2367 548 2495 599 Istri
2517 550 2707 600 aceolae

1640 625 1940 674 Liburniam
2012 635 2325 688 occupatam
2390 626 2707 676 Dalmatiam

1639 710 1909 764 vocarunt,
1950 702 2236 750 secundum
2277 703 2421 751 littus
2444 702 2706 752 Adriatici

1640 781 1794 849 maris
1820 793 1849 826 a
1883 779 2015 826 Polo
2039 792 2202 841 usque
2229 779 2493 829 Catarnm.
2555 779 2707 827 Mon·

1640 861 1764 903 tana
1788 854 2127 909 imminentia,
2157 855 2368 903 Oroatia
2387 859 2529 905 sunt.
2578 854 2705 917 Ejus
2810 915 2815 920 η

1641 930 1794 979 vicini
1838 931 2059 993 Illyrici,
2090 931 2244 979 hodie
2277 932 2448 980 Sclavi
2481 938 2538 981 et
2581 931 2709 980 Bos·

1638 1019 1844 1062 nenses,
1866 1006 1988 1055 olim
2014 1006 2262 1056 Triballi:
2301 1007 2443 1056 ultra
2467 1021 2595 1070 quos
2617 1003 2708 1055 ΑΙ-

1637 1084 1780 1147 bani,
1822 1085 1943 1133 olim
1985 1086 2240 1147 Epirotae,
2276 1101 2309 1133 a
2347 1086 2515 1135 Drino
2549 1082 2706 1133 fluvio

1640 1174 1801 1224 usqne
1827 1160 2196 1224 Dyrrachium,
2223 1168 2281 1210 et
2317 1168 2440 1224 post
2462 1174 2553 1209 eos
2577 1160 2706 1209 Ras-

1638 1236 1792 1297 ciani,
1815 1236 1996 1286 Flavio
2037 1237 2283 1299 vopisco,
2320 1244 2377 1285 et
2411 1236 2707 1298 Capitolino

1637 1310 1690 1358 in
1716 1311 1819 1361 vita
1853 1311 2150 1361 Constantii
2183 1312 2337 1374 primi
2377 1318 2435 1361 et
2474 1311 2711 1374 secundi,

1639 1388 1837 1437 Galerii
1881 1387 2177 1451 Maximini,
2226 1386 2446 1448 Juliani,
2502 1386 2707 1437 Claudii

1635 1464 1850 1514 secundi
1872 1464 2175 1528 :Illyricum
2197 1466 2435 1515 continet
2454 1464 2706 1530 quicquid

1637 1548 1719 1590 est
1756 1554 1786 1588 a
1820 1541 2070 1590 Fanatico
2105 1541 2221 1590 sinn
2253 1554 2420 1604 usque
2457 1540 2523 1589 ad
2553 1541 2705 1590 Pelo-

1637 1631 1943 1680 ponnesum,
1968 1623 2025 1666 et
2058 1615 2287 1678 latriam,
2318 1614 2707 1673 Macedoniam,

1637 1693 1874 1757 Epirum,
1890 1693 2234 1748 Pannoniam,
2255 1691 2591 1742 Dalmatiam.
2623 1692 2704 1741 Ia.

1699 1770 1917 1834 Iapides]
1951 1768 2207 1833 Iapidiam
2239 1782 2357 1817 eum
2380 1767 2706 1817 Venetorum

1635 1846 1848 1910 regione
1881 1852 1938 1895 et
1975 1844 2137 1895 latria
2171 1841 2441 1894 confusam
2462 1858 2580 1894 esse
2604 1850 2706 1894 tra·

1633 1922 1767 1971 dunt
1785 1921 2103 1971 recentiores
2126 1920 2445 1983 Geographi.
2480 1920 2710 1970 Bernar-

1632 1998 1731 2048 dus
1753 2005 1927 2049 tamen
1948 1998 2191 2049 Justinus
2212 1996 2465 2046 Historiae
2481 1997 2703 2048 Veneta

1632 2074 1723 2125 lib.
1741 2089 1830 2124 ιιι.
1851 2074 2051 2131 scribit,
2077 2073 2320 2124 Soncinm
2344 2071 2560 2122 fluvium
2587 2073 2706 2122 Car-

1633 2149 1717 2202 so's
1737 2155 1960 2214 montes,
1983 2166 2112 2217 quos
2131 2151 2251 2201 olim
2272 2149 2536 2215 Iapidiam
2557 2164 2711 2200 voca·

1634 2238 1774 2293 runt,
1799 2231 1865 2280 ab
1887 2229 2112 2293 Alpibus
2135 2226 2386 2276 dividere.
2457 2225 2711 2276 Straboni

1632 2309 1875 2373 lapidum
1892 2307 2084 2372 oppida
2108 2312 2230 2356 aunt
2255 2305 2556 2367 Metallum,
2572 2305 2711 2354 Arn-

1632 2399 1716 2451 pe,
1743 2383 2052 2439 Manetinm,
2070 2381 2328 2432 Vendum.
2363 2381 2522 2432 Idem.

1699 2462 1889 2512 Rursus
1909 2461 1963 2510 in
1982 2459 2249 2509 concinnente
2279 2456 2464 2506 colonia
2497 2456 2707 2519 [adero]

1588 2541 1591 2546 '
1633 2537 1830 2587 Nostra
1875 2537 2099 2600 Exemp.
2133 2541 2189 2584 et
2226 2534 2311 2582 hic
2351 2541 2408 2583 et
2446 2548 2570 2598 cap.
2598 2549 2713 2599 seq.

1634 2614 1775 2663 Iader
1809 2613 2061 2674 scribunt,
2095 2626 2197 2661 non
2220 2611 2416 2660 ladera-
2444 2618 2501 2661 et
2524 2625 2706 2661 veram

1629 2690 1766 2740 hanc
1787 2704 1900 2740 esse
1924 2689 2224 2750 lectionem,
2247 2688 2359 2750 ipse
2380 2701 2477 2736 nos
2499 2687 2705 2737 Plinius

1631 2767 1789 2816 docet
1836 2766 2016 2828 capite
2058 2765 2213 2828 hujus
2260 2763 2352 2813 lib.
2397 2777 2440 2812 ι.
2488 2764 2700 2813 ultimo:

1629 2843 1858 2893 ‘Contra
1890 2842 2083 2904 Iader,’
2126 2840 2313 2905 inquit,
2360 2843 2472 2889 ‘est
2510 2838 2695 2890 Lissa-³

1629 2919 1947 2967 Ptolemaeus
1971 2925 2027 2967 et
2047 2916 2373 2979 Pomponius
2393 2917 2557 2966 Iadera
2572 2929 2688 2978 pro-

1628 2993 1827 3054 ferunt,
1850 2995 1941 3043 sed
1970 2994 2098 3043 vitio
2131 2992 2220 3059 (ut
2258 2993 2406 3059 reor)
2441 2992 2700 3057 exempla·

1633 3071 1783 3120 rium.
1820 3070 2045 3121 Pintiun.

1874 3147 2176 3196 Canxxn.
2213 3146 2468 3195 Liburnia.
2538 3154 2543 3158 ·

1693 3225 1894 3274 Narona
1937 3222 2145 3285 colonia]
2183 3223 2494 3272 Notavimm
2540 3234 2704 3284 snpra

1627 3307 1684 3350 et
1719 3301 1988 3350 docuimus
2024 3301 2087 3349 in‘
2126 3300 2470 3362 Pomponium
2512 3298 2696 3361 legeu-

1627 3378 1748 3427 dum
1772 3378 1930 3440 Naro,
1951 3375 2279 3441 bisyllabum.
2313 3375 2537 3425 Pintian.

1769 3491 1779 3498 .
1808 3453 1946 3503 Cae.
1969 3466 2145 3502 xxm.
2201 3451 2510 3501 Macedonia.

1693 3530 2002 3593 Macedonia]
2041 3532 2124 3580 De
2145 3546 2248 3595 qua
2272 3529 2453 3592 Sigon.
2474 3527 2542 3577 de
2569 3527 2703 3580 Ant.

1624 3608 1741 3658 Jur.
1784 3609 1943 3657 Prov.
1986 3621 2031 3656 1.
2075 3611 2125 3657 8.
2216 3606 2428 3669 Onupb.
2472 3606 2703 3656 Panvin.

1538 3715 1545 3726 .
1626 3683 1765 3746 Imp.
1789 3684 1943 3732 Rom.
1976 3699 2026 3746 p.
2042 3687 2166 3732 2⁷5.
2189 3685 2287 3732 διο.
2329 3681 2499 3730 Dalec.

1691 3760 1885 3809 Montes
1920 3755 2203 3821 Candavia]
2238 3758 2470 3807 Deserta
2491 3758 2704 3807 Canda-

1624 3835 1722 3884 viae
1748 3836 1949 3886 Seneca
1973 3842 2119 3885 vocat
2142 3836 2311 3898 Epist.
2329 3847 2405 3884 rv-
2422 3838 2504 3884 at.
2542 3835 2700 3885 Idem.

1689 3911 2034 3975 Epidamnum]
2068 3913 2212 3973 Lege
2246 3911 2369 3960 Val.
2411 3910 2554 3960 Max.
2579 3925 2622 3959 1.
2646 3916 2699 3960 ⁵.

1624 3987 1677 4036 in
1715 3990 1955 4053 exemplo
1992 3995 2047 4038 et
2083 3987 2297 4037 historia
2337 3986 2699 4056 Apolloniataf

1624 4077 1757 4114 rum.
1804 4065 1983 4114 Plaut.
2004 4065 2056 4116 in
2077 4064 2341 4113 Menaech.
2360 4064 2377 4092 ‘
2395 4063 2700 4126 Propterea

1622 4138 1742 4189 huic
1767 4140 1889 4188 urbi
1908 4153 2092 4189 nomen
2109 4138 2448 4201 Epidamnum
2466 4137 2699 4188 inditum

1623 4223 1738 4277 est3
1779 4216 1905 4281 quia
1927 4231 2082 4268 nemo
2103 4214 2268 4265 ferme
2289 4214 2391 4264 linc.
2410 4205 2523 4264 sine
2546 4213 2702 4265 dam-

1622 4307 1694 4344 no
1715 4291 2031 4345 divertitur)
2062 4292 2222 4346 Idem.
2496 4283 2501 4288 “
