3000 4917
688 421 751 470 c.
798 422 1040 470 ΡιιΝιι
1087 425 1409 477 suenum
1465 432 1613 480 mn.
1662 437 1744 486 11.
1786 422 1959 508 (51.)

212 556 333 605 mes
354 555 554 607 subices
577 558 828 622 humidas,
840 562 994 613 Unde
1007 564 1170 616 oritur
1183 567 1273 615 im·

228 632 318 680 ber
360 634 530 682 sonitu
575 650 714 685 saevo
755 644 811 686 et
851 639 1071 701 spiritu.'
1135 642 1273 694 Vide

227 707 436 756 Festum
458 710 555 760 hac
579 712 645 760 de
670 725 745 761 re.
781 714 948 764 Doleo.

290 783 565 849 Turbinem]
605 787 726 836 Huc
767 790 970 839 videtur
1013 792 1274 855 pertinere

221 859 385 921 prima
436 862 702 924 sequentis
772 864 959 926 capitis
1011 868 1273 933 periodus,

223 948 492 997 perperam
511 951 579 986 ex
602 938 698 989 hae
717 954 813 989 sua
833 941 956 991 sede
980 942 1032 993 in
1054 945 1272 997 alienam

222 1011 458 1073 trajecta.
493 1012 645 1063 Idem.

280 1087 500 1150 Prester]
532 1090 627 1139 Est
649 1092 806 1142 etiam
830 1095 1041 1160 πρηστὴρ
1055 1096 1271 1160 Ιχθόνιος.

220 1161 377 1212 Arist.
399 1164 689 1232 &euphemia
723 1177 896 1233 vocat,
919 1174 1271 1237 cum'spiritus

219 1249 281 1286 ex
308 1244 461 1288 terrae
499 1240 726 1293 hiatibus
766 1248 1008 1309 explosus
1044 1262 1182 1298 mare
1218 1251 1267 1298 vi

219 1328 273 1363 se
292 1314 593 1379 circumagit
615 1324 670 1367 et
694 1329 1020 1385 contorquet.
1054 1324 1204 1374 Idem,

247 1389 380 1437 CAP.
405 1404 563 1440 xnrx.
627 1394 744 1443 Alia
770 1397 1044 1459 prodigiosa
1060 1414 1237 1461 genero

570 1474 913 1533 tempestatum.

278 1543 390 1592 Non
418 1544 494 1609 fit
527 1550 685 1595 autem
728 1549 1008 1611 Aquilonia-⁹
1054 1552 1267 1615 Typhon,

215 1632 296 1667 nec
314 1620 509 1683 nivalis,
524 1628 608 1671 out
629 1622 741 1672 nive
761 1624 955 1685 jacente
978 1626 1266 1691 Emephias]

216 1692 525 1758 Repugnent
564 1697 693 1747 licet
725 1700 896 1749 omnia
934 1703 1267 1766 exemplaria,

216 1781 512 1829 persuasum
567 1771 751 1839 babeo,
801 1775 900 1825 tria
956 1777 1045 1826 illa
1088 1779 1265 1843 verba,

213 1848 295 1891 aut
313 1846 421 1895 nive
431 1846 646 1906 jacente,
689 1849 848 1900 Plinii
885 1866 989 1903 non
1028 1867 1165 1917 esse,
1205 1862 1265 1905 ut

212 1922 474 1973 innumera
513 1926 615 1974 aliu
660 1927 711 1977 i'n
763 1929 980 1979 historia
1025 1934 1264 1984 naturali.

214 1997 388 2047 Movet
402 2013 489 2049 me
507 2000 841 2066 Aristoteles,
858 2005 1002 2069 cnjus
1022 2007 1184 2057 verbe
1202 2024 1265 2057 ex

212 2071 350 2121 initio
366 2076 511 2124 tertii
528 2078 807 2128 Meteoroen
824 2079 1045 2144 subjeci,
1059 2084 1076 2112 ‘
1092 2083 1265 2133 Borea

212 2146 365 2199 flante
388 2165 494 2200 non
518 2151 579 2202 fit
615 2155 833 2217 typhon,
854 2170 1022 2221 neque
1050 2159 1262 2222 ningen-

212 2229 263 2272 te
284 2227 595 2289 ecnepllias!
663 2230 748 2278 De
792 2231 990 2295 reliquo
1031 2234 1147 2297 quis
1189 2235 1263 2283 ita

212 2305 286 2348 est
305 2309 479 2351 mente
502 2310 709 2367 captus,
731 2310 791 2354 ut
812 2320 914 2356 nou
939 2306 1126 2371 videat,
1151 2316 1260 2359 tum

210 2386 273 2421 ex
296 2376 475 2424 ordine
493 2392 668 2432 eornm
682 2396 796 2444 quse
814 2381 1125 2446 indicantur,
1150 2391 1259 2435 tum

212 2462 273 2496 ex
293 2451 579 2501 Aristotele
599 2469 630 2503 a
655 2469 755 2517 quo
774 2464 962 2506 cuncta
984 2458 1096 2507 haec
1118 2459 1181 2507 ad
1199 2460 1258 2507 li-

212 2532 384 2583 teram,
409 2535 471 2577 nt
508 2529 672 2586 aiunt,
704 2531 875 2581 hausit
899 2533 1122 2598 Plinius,
1144 2549 1258 2584 ver·

208 2600 271 2649 ba
291 2616 445 2664 supra
470 2602 612 2654 dicta
647 2607 868 2655 alienum
906 2609 1076 2657 locum
1106 2623 1258 2658 occu-

211 2690 367 2738 passe,
403 2681 616 2743 proprio
647 2683 854 2743 relicto,
884 2688 941 2732 et
979 2685 1258 2734 statuenda

211 2766 316 2800 esse
338 2762 456 2815 post
481 2755 608 2805 illud
634 2770 820 2806 caesum
854 2758 1078 2820 proximi
1116 2758 1256 2822 capi·

210 2826 290 2887 tis,
313 2828 460 2891 cujus
492 2828 607 2877 finis
631 2835 731 2895 est,
767 2830 1011 2896 sorbetque
1034 2834 1088 2881 in
1105 2834 1257 2883 excel<-

209 2901 343 2953 stmr?
406 2903 543 2952 Nam
567 2919 681 2954 cum
707 2907 956 2957 tractatio
988 2908 1255 2971 ecne'phiae

210 2985 261 3025 et
281 2979 517 3041 typhonis
561 2980 831 3031 claudatur
869 2982 957 3031 illo
990 2984 1122 3039 loco,
1153 2997 1254 3030 non

210 3057 417 3112 potuere
440 3056 757 3104 commodius
781 3056 902 3105 alibi
942 3056 1148 3107 subtexi
1169 3072 1254 3107 ae-

211 3127 430 3177 cidentia
468 3132 774 3195 utriusque:
824 3133 1101 3195 presertim
1138 3147 1254 3183 cum

210 3214 274 3268 ea.
291 3210 565 3268 parte,qua
585 3205 780 3255 inserta
792 3221 884 3256 sun
892 3213 930 3263 t,
953 3207 1138 3257 seriem
1153 3207 1255 3257 dis-

211 3278 432 3342 turbent,
507 3281 1040 3344 continuationemque
1090 3283 1254 3332 inter·

211 3361 463 3417 rumpant,
508 3354 746 3410 turbinis,
785 3356 1050 3420 presteris,
1085 3354 1253 3405 fulmi-

211 3428 534 3492 nis,quorum
575 3429 942 3479 commentatio
978 3429 1252 3479 interscin-

212 3501 373 3553 dcnda
403 3518 507 3553 nou
540 3511 654 3554 erat
681 3504 1078 3568 interpositione
1118 3504 1251 3554 acci·

212 3575 431 3628 dentium
487 3580 803 3629 diversarum
864 3584 1251 3643 tempestatum.

218 3651 432 3704 Pintian.

275 3729 409 3783 Quod
428 3731 473 3777 si
503 3729 643 3778 simul
675 3730 807 3794 rupit
844 3729 1027 3792 nubem,
1048 3729 1252 3779 exarsit·

213 3817 313 3865 qtae,
345 3810 391 3853 et
412 3804 574 3867 ignem
595 3804 778 3866 habuit,
800 3810 885 3855 aut
913 3811 1075 3868 postea
1094 3819 1252 3855 couce-

214 3877 469 3938 pitfulmen
484 3882 580 3946 est]
610 3882 769 3944 Lego,
788 3896 880 3929 noa
898 3885 1061 3943 postea
1095 3895 1254 3930 eonce-

210 3953 296 4014 pit.
359 3954 423 4003 Id
459 3955 606 4005 addit
635 3955 700 4004 ad
744 3953 1089 4005 differentiam
1135 3970 1253 4019 pre·

214 4030 374 4086 steris,
396 4035 545 4095 que‘m
584 4032 634 4079 iu
672 4029 774 4080 fine
808 4030 1148 4093 praecedentis
1168 4046 1255 4080 ca·

217 4104 334 4168 pitis
366 4104 495 4155 dixit
524 4111 681 4169 rupta
716 4106 853 4155 nube
891 4105 1096 4155 demum
1132 4105 1254 4156 dum

216 4174 338 4229 furit
358 4180 586 4230 accendi.
624 4181 791 4230 Gelen.

285 4252 481 4319 vortex]
505 4256 740 4307 vorticem
753 4256 928 4308 Graeci
952 4258 1151 4319 σιφῶνα,
1169 4256 1257 4307 alii

2234 425 2408 499 4979

1348 573 1542 633 τυφῶνα
1562 582 1765 627 vocant.
1827 579 2172 643 Apollodorus
2202 586 2256 636 in
2289 587 2409 658 M07

1315 709 1318 712 Ι
1350 649 1646 700 teor.Arist.
1661 653 2008 716 Ἀριστοτέλης,
2020 659 2104 724 inq
2112 662 2204 723 nit,
2214 668 2410 725 τυφῶνα

1271 735 1276 744 ·
1348 719 1448 772 οῖον
1464 730 1657 777 τοι-ῶνα
1675 733 1827 788 καλεῖ,
1861 733 1938 782 διὰ
1968 736 2026 783 τὸ
2056 737 2249 788 τύπτειν
2280 740 2404 803 mpe-

1349 802 1464 862 δρως
1507 802 1584 852 καὶ
1625 805 1846 867 ῥηγνύειν
1882 810 1947 859 τὰ
1988 812 2157 875 avr-epe&
2188 816 2402 875 σώματα·

1350 877 1513 926 ναῦται
1549 877 1600 927 δὲ
1632 885 1816 943 σιφῶνα
1835 885 1910 934 διὰ
1948 885 2007 935 τὸ
2048 888 2184 947 δικὴν
2201 894 2407 952 σιφῶνος

1348 949 1571 1017 ἅνασπᾷν
1580 953 1639 1003 τὸ
1660 956 1777 1020 ὕδωρ
1795 959 2054 1020 θαλάσσης.
2090 964 2223 1014 Vide
2237 967 2400 1015 Turn.

1348 1027 1431 1076 Ad
1440 1043 1571 1079 vers.
1596 1045 1677 1080 ιν.
1699 1037 1780 1082 20.
1805 1035 1971 1085 Dalee.
2047 1027 2225 1088 Vor'tex
2245 1046 2401 1090 autem

1343 1102 1427 1151 Ιιοο
1450 1108 1645 1155 meando
1667 1108 1813 1158 distat
1834 1127 1864 1159 a
1886 1112 2089 1169 turbine,
2111 1118 2401 1177 questridor

1347 1192 1376 1226 a
1404 1177 1636 1246 fragore]
1677 1184 1795 1233 Non
1835 1185 2098 1251 displicet,
2133 1192 2270 1254 quod
2309 1193 2398 1241 hu·

1347 1254 1475 1303 bent
1511 1269 1687 1308 nostra
1723 1265 2071 1326 exemplariaz
2116 1267 2296 1318 Ver-tex
2313 1284 2399 1318 ura·

1345 1335 1438 1379 tem
1458 1337 1702 1383 remeando
1725 1337 1874 1387 distat
1895 1355 1926 1387 a
1962 1341 2163 1405 turbine,
2191 1349 2239 1393 et
2276 1346 2398 1407 quod

1342 1407 1521 1455 stridor
1540 1410 1787 1473 afr-igere.
1821 1414 2008 1466 Gelen.
2072 1463 2078 1468 ,

1406 1483 1594 1547 Aquam
1625 1488 1803 1551 trahit]
1836 1490 2043 1541 Praeter
2075 1494 2396 1558 Ecnephian,

1341 1556 1452 1607 sive
1475 1563 1770 1627 procellam,
1791 1566 2058 1622 vorticem,
2083 1569 2192 1618 sive
2215 1570 2395 1633 typho-

1339 1647 1477 1696 nem,
1498 1636 1777 1703 turbinem,
1788 1642 1895 1690 sive
1912 1644 2263 1705 strobilum,et
2282 1660 2396 1709 prc-

1340 1716 1532 1760 sterem
1555 1715 1786 1764 nominat
1810 1718 2138 1779 Aristoteles,
2170 1720 2413 1794 θύελλαν,χ

1340 1784 1565 1849 ἑξυδρίαν,
1586 1789 1819 1854 λαίλαπα,
1859 1794 1966 1842 κατ’
2004 1793 2178 1855 αἰγίδα,
2215 1796 2394 1857 ἀναφύ-

1338 1876 1485 1924 cnm,
1530 1862 1596 1913 de
1649 1867 1834 1929 quibus
1871 1869 2090 1932 Rhodig.
2133 1870 2394 1930 ἐγκολπίας

1337 1948 1479 1991 vero,
1505 1936 1770 1999 ἁπογείους,
1794 1941 2058 1998 eboba-vous,
2081 1944 2164 1993 bic
2196 1943 2392 1995 referre

1338 2010 1463 2059 nihil
1488 2013 1698 2075 attinet,
1729 2029 1844 2064 cnm
1867 2018 2022 2067 uliam
2047 2025 2281 2067 naturam
2307 2035 2389 2068 ra-

1338 2083 1632 2148 tionemque
1654 2088 1897 2145 babeant,
1923 2098 1980 2140 ut
2000 2097 2056 2141 et
2077 2092 2265 2141 imbres
2285 2111 2392 2156 τρο-

1336 2161 1481 2208 παῖοι.
1562 2162 1755 2212 Petrus
1810 2165 2070 2215 Victorius
2115 2168 2290 2218 Romae
2336 2170 2392 2219 in

1335 2236 1503 2298 prima
1528 2238 1737 2300 regione
1761 2239 1924 2289 aedem
1962 2242 2294 2306 Tempestati
2309 2243 2391 2294 fu·

1333 2310 1437 2361 isse
1455 2326 1652 2361 sacram
1678 2315 1851 2364 tradit.
1887 2318 2054 2367 Dulce.
2314 2360 2319 2368 .

1400 2386 1536 2436 CAP.
1565 2402 1613 2437 r..
1683 2390 1865 2444 Quibus
1885 2391 1936 2438 in
1958 2392 2324 2452 terrisfulmt‘na

1425 2471 1432 2480 ·
1703 2479 1798 2512 uon
1817 2467 2007 2514 cadant.

1395 2535 1681 2601 AEgyptum]
1702 2538 1772 2586 Et
1792 2539 2126 2602 AEthiopiam.
2173 2541 2312 2591 Nam
2329 2548 2387 2593 et

1328 2607 1461 2657 banc
1484 2609 1758 2660 immunem
1781 2626 1896 2661 esse
1914 2627 1944 2661 a
1963 2611 2262 2664 fulminibus
2284 2623 2386 2666 tes·-

1329 2688 1475 2806 ἱοῑιις
1497 2685 1769 2735 Plutarch.
1801 2686 1909 2748 περὶ
1928 2690 2172 2749 δεισιδαιμ.
2197 2705 2250 2753 p.
2272 2694 2387 2741 287.

1368 2791 1382 2806 .
1416 2758 1569 2806 Idem.

1399 2833 1556 2883 Rarus
1576 2838 1825 2886 adaenodum
1845 2844 2095 2904 tenuesque
2109 2846 2156 2891 et
2171 2841 2387 2906 infirmas

1329 2910 1586 2958 densantur
1605 2912 1656 2960 in
1675 2913 1845 2976 nubes]
1879 2915 2001 2964 Duo
2031 2915 2120 2963 illa
2142 2915 2318 2976 verba,
2336 2923 2386 2965 et

1326 2984 1559 3046 infirmas,
1598 2984 1957 3035 desiderentur
2001 2988 2052 3036 in
2098 2992 2387 3052 exemplari

1327 3059 1593 3121 Toletano,
1606 3067 1659 3108 et
1675 3059 1880 3123 quidem
1896 3066 2022 3123 puto
2038 3068 2199 3112 recte.
2243 3063 2382 3113 Quid

1328 3131 1462 3180 euim
1487 3137 1569 3180 est
1589 3132 1748 3193 aliud,
1768 3148 1906 3182 raras
1927 3136 2175 3184 admodum
2196 3141 2381 3185 tenues·

1327 3220 1433 3268 que,
1455 3220 1607 3269 quam
1629 3206 1887 3255 infirmas?
1919 3207 2143 3257 Piraian.

1398 3280 1519 3335 Quoe
1535 3297 1567 3329 a
1587 3282 1900 3342 septentrione
1921 3283 2204 3332 descendunt
2222 3285 2284 3333 ad
2310 3289 2381 3333 te-

1320 3370 1508 3417 porem,
1531 3357 1683 3418 qualis
1704 3362 1771 3404 est
1795 3357 1944 3406 omnis
1963 3358 2233 3420 Campaniae
2255 3365 2382 3408 trae-

1326 3430 1427 3494 tus]
1459 3430 1658 3479 Rursus
1695 3431 1747 3479 in
1800 3431 2044 3481 ambobus
2088 3433 2219 3481 Mss.
2264 3440 2378 3482 est:

1326 3504 1447 3560 Quoe
1456 3522 1488 3554 a
1501 3506 1814 3567 sepienti-ione
1825 3508 2070 3556 discedunt
2083 3510 2146 3556 ad
2157 3514 2382 3571 teporem,

1324 3581 1477 3643 qualis
1514 3586 1585 3631 est
1623 3581 1767 3631 Urbis
1793 3587 1841 3632 et
1879 3583 2149 3646 Campaniae
2182 3588 2382 3640 tractus.

1327 3654 1511 3705 Geleu.
2300 3655 2310 3674 '

1441 3731 1574 3779 ΟΑΡ.
1597 3744 1668 3780 ιι.
1724 3732 1988 3793 Fulguri-um
2003 3746 2199 3793 genero,
2216 3737 2264 3781 et

1737 3808 1979 3857 miracula.

1392 3882 1656 3944 Fulgurum
1671 3884 1868 3945 genera]
1889 3882 2164 3943 Fulgurum
2183 3896 2378 3945 genera

1328 3956 1618 4018 Rhodigino
1672 3971 1798 4007 vnl.
1835 3962 1916 4010 18.
1965 3958 2249 4020 καταβαταὶ,
2296 3960 2377 4023 ἂρ·

1326 4032 1486 4091 viius,
1508 4029 1759 4092 ψολόεντα,
1781 4046 1917 4096 quae,
1934 4040 1992 4081 ut
2028 4034 2136 4081 vult
2172 4032 2379 4095 Suidas,

1329 4106 1550 4154 maxima
1571 4105 1842 4155 celeritate
1870 4106 1976 4155 icta
2008 4106 2378 4159 comminuunt.

1332 4179 1412 4229 Ab
1434 4180 1512 4228 his
1535 4180 1703 4229 tribus
1741 4180 2018 4242 generibus
2055 4182 2267 4246 quidam,
2293 4183 2380 4232 tri-

1327 4258 1503 4305 sulcum
1524 4254 1719 4306 fulmen
1739 4256 1934 4306 dietum
1956 4258 2152 4307 volunt.
2186 4258 2361 4308 Dulce.
