3000 4917
487 367 662 434 4662
1223 386 1289 435 c.
1338 385 1579 433 Fumi
1628 373 1955 434 succum

489 527 854 592 mettium'
881 527 1214 611 Pompeii,
1247 526 1622 611 Augenque
1657 529 1998 606 Demetrii,
2023 549 2404 612 quanquam
2438 529 2686 611 etipsa

492 623 800 713 Pompeii
848 633 1101 695 credita
1140 639 1283 696 est:
1333 630 1847 714 Hipparchum²¹
1892 631 1990 694 M.
2021 633 2319 709 Antonii,
2365 632 2687 694 Menam*

490 739 558 795 et
590 731 1032 797 Menecratem
1066 733 1226 797 Sex.
1261 732 1593 815 Pompeii,
1624 732 1927 815 aliosque
1955 733 2296 814 deinceps,
2327 752 2500 816 quos
2532 737 2697 795 enni

491 852 746 897 merare
767 835 905 918 jam
936 855 1067 900 non
1100 843 1225 912 est,
1248 856 1285 899 e
1314 838 1631 917 sanguine
1657 836 2016 914 Quiritium
2041 842 2106 898 et
2129 836 2689 919 proscriptionum

491 934 765 1000 licentia
810 936 1084 1001 ditatos.
1175 938 1334 1002 Hoc
1380 946 1487 1001 est
1529 939 1784 1018 insigne
1823 937 2167 1001 venalitiis
2207 937 2537 1019 gregibus,
2570 955 2691 1018 op-

494 1039 962 1122 probriumque
1005 1040 1353 1105 insolentis
1379 1040 1701 1104 fortunae:
1748 1041 1930 1124 quod
1964 1049 2033 1104 et
2062 1039 2227 1103 nos⁸
2269 1039 2442 1104 adeo
2486 1038 2692 1122 potiri

492 1158 703 1204 rerum
752 1141 1061 1219 vidimuS,
1091 1149 1165 1206 ut
1210 1135 1566 1225 praetoria⁸
1612 1162 1880 1227 quoque
1922 1139 2299 1206 ornamenta
2344 1140 2607 1205 decerni
2651 1160 2693 1204 a

496 1247 753 1319 senatu,
775 1242 1060 1323 jubente
1105 1243 1474 1328 Agrippina
1513 1243 1614 1308 Cl.
1651 1243 1967 1322 CaesariS,
2000 1244 2352 1308 viderimus
2394 1242 2691 1306 libertis:

496 1349 884 1427 tantumque
935 1365 1071 1410 non
1118 1366 1274 1411 cum
1318 1348 1640 1411 laureatis
1691 1347 1995 1412 fascibus
2040 1345 2283 1411 remitti
2333 1345 2475 1422 illo,
2516 1342 2692 1406 unde

497 1446 765 1509 cretatis
797 1447 1079 1530 pedibus
1111 1448 1563 1513 advenissent.

589 1561 757 1609 mx.
815 1546 1058 1632 (xlx.)
1115 1550 1459 1614 Praeterea
1518 1556 1667 1614 sunt
1726 1570 1965 1631 genera
2021 1555 2206 1615 terrae
2268 1548 2698 1631 proprietatis

503 1663 669 1724 suae,
702 1648 786 1712 de
835 1650 1078 1732 quibus
1113 1650 1259 1735 jam
1299 1651 1677 1718 diximu82⁸
1722 1652 1843 1716 sed
1888 1659 1953 1716 et
1996 1651 2122 1716 hoc
2166 1652 2320 1715 loco
2363 1633 2701 1716 reddenda

2576 1797 2605 1816 A

1415 1833 1471 1853 00
1477 1832 1654 1855 „00”
1658 1833 1744 1853 000
1748 1835 1776 1853 O

498 1964 730 2079 gieta—8
768 1965 889 2015 vet.
915 1965 1096 2015 Dalec.
1142 1981 1256 2029 quos
1275 1968 1337 2015 ad
1357 1982 1455 2018 uos.
1531 1969 1679 2024 Mox,
1708 1964 1992 2030 Agrippina
2023 1969 2072 2014 et
2095 1963 2288 2014 Claudii
2334 1964 2550 2013 Cesar-is
2587 1962 2704 2014 cod.

555 2043 587 2078 a
605 2044 687 2081 ec.
1925 2045 1931 2052 ·

1492 2160 1710 2212 NOTAE

505 2279 624 2336 post
665 2273 824 2335 Syllae
850 2273 1044 2323 obitum
1070 2274 1383 2337 Capitolium
1420 2274 1564 2323 dedi-

507 2349 662 2397 cavit·
727 2350 938 2414 Egimus
962 2351 1028 2400 de
1052 2365 1114 2400 eo
1138 2351 1346 2413 saepius.

570 2432 594 2457 V
628 2427 688 2474 Ι..
714 2425 924 2490 Luculli]
958 2427 1086 2490 Ejus
1123 2427 1209 2491 qui
1246 2436 1432 2478 contra
1465 2427 1570 2476 Mi-

509 2500 786 2550 thridatem
810 2502 999 2551 beilum
1024 2504 1200 2565 gessit.

574 2584 608 2609 '¹
632 2577 951 2639 Demetrium]
971 2579 1175 2628 Seneca
1197 2579 1262 2627 de
1280 2580 1568 2644 Tranqniu.

510 2664 558 2700 c.
580 2656 628 2700 8.
666 2668 718 2715 p.
740 2657 857 2702 682.
891 2653 908 2680 ‘
941 2654 1243 2703 Feliciorem
1285 2662 1340 2704 tu
1379 2657 1571 2705 Deme-

511 2729 664 2777 trium
690 2728 1066 2792 Pompeianum
1091 2744 1263 2793 vocas,
1285 2746 1435 2793 quem
1468 2746 1570 2780 non

510 2802 701 2865 puduit
724 2803 1111 2866 locupletiorem
1146 2820 1260 2854 esse
1286 2806 1574 2869 Pompeio?

511 2878 771 2927 Numerus
794 2879 869 2927 ilii
894 2880 1127 2943 quotidie
1156 2897 1442 2943 servorum,
1467 2885 1573 2933 vel-

511 2961 573 3005 ut
589 2953 896 3017 Imperatori
921 2960 1200 3015 exercitus,
1220 2945 1577 3024 referebatur,⁹

512 3033 614 3080 διο.
680 3033 815 3082 vide
855 3041 909 3082 et
951 3034 1290 3085 Plutarchum
1327 3038 1375 3085 in
1416 3038 1574 3087 Pom-

512 3108 653 3171 peio,
679 3124 731 3173 p.
756 3114 870 3160 6⁰4.
938 3111 1058 3160 Fuit
1087 3113 1169 3161 bic
1203 3112 1521 3163 Gadarensis
1544 3128 1573 3163 e

511 3183 691 3250 Syria,
723 3194 783 3235 ut
824 3202 891 3237 ex
924 3188 1157 3252 Josepbo
1197 3192 1482 3240 monuimus
1522 3194 1572 3240 in

517 3261 755 3310 Nummis
791 3265 1017 3329 antiquis
1062 3268 1369 3329 populorum
1403 3274 1458 3317 et
1490 3282 1572 3317 ur-

515 3337 677 3401 bium,
702 3355 829 3403 quos
853 3356 1018 3406 nuper
1041 3343 1421 3396 illustravimus.

527 3428 534 3435 '
580 3422 608 3449 ¹
668 3416 1025 3482 Hipparchum]
1081 3417 1372 3488 Ἵππαρχον,
1433 3423 1573 3488 apud

515 3491 783 3541 Plutarch.
811 3494 860 3541 iu
884 3495 1127 3559 Antonio,
1149 3513 1202 3560 p.
1220 3504 1335 3548 950.

579 3576 603 3612 5
628 3570 845 3634 Menum]
868 3572 955 3621 De
983 3574 1139 3623 Meua
1158 3590 1246 3623 seu
1265 3574 1577 3636 Menodoro,

516 3646 659 3696 Sexti
691 3650 955 3714 ,Pompeii
1029 3651 1238 3710 liberto,
1294 3654 1579 3717 classisque

519 3724 796 3794 prefecto,
839 3742 900 3776 ac
957 3736 1142 3792 postea
1194 3728 1259 3778 ad
1316 3731 1578 3780 Caesarem

517 3800 809 3866 transfuga,
847 3803 966 3852 vide
1002 3804 1221 3854 Diouem
1263 3805 1353 3855 lib.
1379 3819 1579 3855 xnvm.

519 3891 573 3941 p.
596 3882 713 3927 3⁷5.
749 3887 805 3928 et
837 3880 1139 3930 Suetonium
1165 3882 1217 3930 in
1240 3881 1499 3944 Augusto,
1531 3898 1580 3934 c.

517 3955 601 4001 74.
686 3954 768 4001 De
805 3954 1111 4005 Menecrate
1166 3958 1393 4021 ejusdem
1431 3959 1581 4009 sexti

518 4027 709 4079 liberto
752 4031 886 4080 idem
913 4032 1034 4093 Dio,
1065 4050 1119 4098 p.
1155 4038 1268 4083 885.
1335 4038 1416 4085 De
1441 4042 1580 4085 utro·

520 4119 623 4168 qne
664 4105 935 4169 Appianus
967 4110 1102 4159 Bell.
1137 4111 1289 4160 civit.
1327 4111 1414 4160 lib.
1442 4126 1495 4160 v.
1532 4126 1584 4175 p.

1643 2271 1908 2322 insaniisse
1942 2272 2162 2326 finxere,
2197 2277 2254 2318 nt
2284 2283 2340 2319 se
2375 2266 2616 2330 Neptuni
2649 2265 2710 2314 fi-

1642 2352 1766 2400 lium
1826 2350 2059 2407 dicei-eu
2120 2349 2362 2411 quoniam
2431 2345 2484 2393 in
2542 2343 2709 2407 ipsius

1643 2428 1862 2476 nummis
1892 2426 2141 2488 scriptum
2179 2423 2417 2471 viderunt
2441 2432 2711 2469 nnnvm.

1645 2504 1718 2552 At
1758 2511 1838 2552 est
1883 2502 2010 2551 illud
2053 2515 2147 2563 pro
2178 2502 2194 2527 ‘
2223 2494 2568 2559 Neptunius,'
2612 2494 2710 2543 hoc

1644 2587 1746 2642 est,
1777 2580 1929 2626 maris
1965 2578 2228 2625 dominus:
2266 2580 2317 2622 et
2344 2581 2423 2622 est
2450 2572 2539 2621 ille
2564 2586 2711 2620 num·

1645 2671 1758 2704 mun
1779 2656 1948 2714 Sexti,
1985 2667 2083 2702 non
2127 2651 2302 2712 Magni
2341 2650 2524 2712 patris,
2548 2656 2612 2697 ut
2635 2648 2713 2696 iu·

1645 2734 1941 2794 rogitanter
1966 2732 2086 2777 olim
2112 2725 2402 2776 edidimus.’
2445 2726 2537 2774 Ed.
2562 2739 2667 2774 sec.-

1709 2817 1731 2842 ⁸
1771 2810 1839 2857 Ut
1871 2803 2121 2871 pretoria]
2161 2804 2452 2852 Pallantem
2502 2800 2715 2850 Claudii

1648 2884 1868 2935 Coesaris
1887 2885 2127 2932 libertum
2152 2881 2217 2928 ab
2238 2880 2350 2942 ipso
2369 2893 2512 2927 curae
2537 2888 2712 2927 rernm

1647 2963 1964 3025 impositum,
2002 2960 2358 3018 arbitrnmque
2401 2955 2551 3019 regni
2611 2953 2716 3003 fac-

1649 3046 1780 3098 tum,
1801 3036 2018 3085 'l'acirns
2051 3035 2123 3083 ait
2162 3034 2345 3081 Annal.
2368 3044 2497 3081 xm.
2523 3046 2572 3094 p.
2595 3035 2716 3080 2⁰0.

1649 3113 1952 3175 Agrippina»
1978 3109 2179 3160 Claudii
2217 3108 2362 3156 uxori
2403 3113 2591 3169 stupro
2616 3106 2719 3154 illi-

1650 3200 1848 3255 gatnm,
1870 3190 2006 3236 idem
2033 3188 2122 3235 lib.
2145 3199 2246 3234 xu-
2268 3200 2318 3247 p.
2344 3187 2454 3233 179.
2509 3184 2717 3232 Praeto·

1650 3268 1727 3315 ria
1766 3267 1813 3314 ei
1849 3265 2066 3313 dec-reta
2102 3266 2425 3318 ornamenta,
2460 3263 2617 3306 vetus
2640 3258 2718 3305 in·

1650 3342 1865 3404 scriptio
1889 3353 2043 3403 quiam
2070 3337 2269 3400 Lipsius
2304 3332 2468 3383 refert
2492 3334 2545 3381 in
2568 3332 2720 3383 Taci-

1650 3427 1781 3476 tum,
1807 3433 1861 3481 p.
1886 3420 1997 3465 188.

1860 3507 1936 3543 ‘rt-
1967 3501 2250 3541 ctavmvs.
2281 3500 2414 3537 Avo.
2447 3499 2500 3536 1..

2084 3578 2288 3616 ΡΑιιΑε

1784 3663 1940 3701 nvnc.
1980 3657 2243 3696 suus‘rvs.
2279 3655 2369 3691 on.
2404 3653 2589 3690 rmum

1882 3733 2303 3777 nuncnova.
2339 3731 2491 3768 ERGA

1839 3811 2146 3853 PATRouos.
2181 3806 2535 3846 out-tammum

1865 3885 2204 3926 Pasa-mma·
2237 3882 2517 3919 nacnssvr‘r

1851 3968 1937 4004 ΕΤ.
1971 3966 2057 4002 ns.
2092 3959 2338 3998 caunas.
2370 3958 2537 3998 eviu-

1825 4040 2074 4085 evaems.
2108 4037 2285 4075 cvivs.
2317 4033 2556 4071 nouonn

1931 4114 2265 4156 comm-tvvs.
2302 4112 2449 4147 tvu‘r.

520 4184 719 4230 ‘na—⁶
738 4184 930 4234 Sextus
945 4187 1227 4249 Pompeius
1245 4189 1423 4251 Magni
1447 4188 1583 4238 filius
1652 4184 1864 4236 Tacitus
1886 4182 2017 4246 ipse,
2052 4192 2174 4241 pag.
2199 4180 2314 4226 188.
2348 4174 2365 4201 ‘
2388 4172 2621 4223 Pallanti
2640 4205 2654 4220 ·
2673 4207 2687 4220 .
2704 4207 2719 4222 .

520 4256 650 4308 fuitz
686 4260 728 4309 is
751 4275 904 4325 quem
927 4259 1198 4326 Appianas
1232 4272 1284 4313 et
1320 4265 1419 4312 Dio
1450 4262 1580 4314 adeo

1662 4259 1926 4312 Praetoria
1952 4252 2208 4321 insignia?
2226 4255 2327 4301 διο.
