3000 4917
406 2521 413 2526 ’
497 2529 595 2579 est,
619 2538 735 2573 cum
761 2525 898 2572 lacte
923 2522 1191 2574 muliebri:
1219 2524 1293 2572 uti
1312 2523 1379 2572 de
1403 2524 1559 2573 schis-

497 386 673 455 4758
1231 404 1299 453 c.
1347 403 1590 452 rnmn
1637 402 1969 452 saeuum

498 551 714 615 lorum
762 547 1102 612 ulceribus
1150 568 1304 613 cum
1351 548 1557 626 lacte,
1587 568 1722 632 quo
1768 567 1976 631 supra
2016 537 2268 612 dictum
2308 552 2411 612 est
2453 539 2740 624 modost?

502 656 730 717 contra
783 655 1035 715 veteres
1084 651 1623 734 lacrymationes.
1707 648 2026 724 ‘Prodest
2083 659 2150 715 et
2211 657 2485 715 contra‘
2548 650 2715 714 vitia

500 753 832 817 stomachi
870 758 1109 837 potusz
1153 753 1500 834 vertigines
1524 748 1586 790 'f
1624 751 1853 816 sedat:
1896 742 2571 817 mentescommotas
2613 770 2712 817 re-

500 855 736 919 stituit.
811 852 1105 932 Quidam
1131 862 1196 917 et
1227 853 1474 918 morbis
1505 852 1955 917 comitialibus
1985 853 2238 918 utiliter
2262 853 2407 918 dari
2439 861 2712 936 putant,

499 962 566 1021 et
595 956 679 1021 ad
713 956 919 1019 urinae
944 955 1404 1020 difficultates.
1490 954 1750 1039 Acopis
1779 955 1982 1019 etiam
2017 955 2352 1020 miscetur.
2443 956 2714 1020 Proba-

501 1062 607 1121 tur
663 1057 987 1138 gravitate
1011 1064 1039 1103 ⁸
1090 1063 1157 1121 et
1206 1054 1521 1122 candore.
1630 1055 1895 1121 Vulvas
1921 1055 1949 1093 ¹¹
1996 1065 2061 1122 et
2111 1063 2340 1140 partus
2388 1059 2713 1123 contineri

503 1159 866 1240 adalligato
898 1174 982 1223 eo
1015 1159 1308 1223 tradunt.

589 1277 753 1324 xm.
796 1261 1066 1325 Arabus
1115 1259 1332 1345 lapis?
1376 1262 1561 1326 ebori
1601 1262 1865 1340 similist,
1898 1262 2295 1327 dentifriciis
2326 1282 2709 1327 accommo-

499 1363 696 1427 datur
735 1368 1087 1427 crematus.
1178 1363 1505 1427 Privatim
1550 1363 2073 1428 haemorrhoidas
2105 1372 2304 1429 sanat
2332 1384 2487 1429 cum
2514 1365 2710 1429 lanu-

499 1461 682 1547 ginej
715 1464 1089 1543 linteorum,
1121 1464 1415 1529 linteolis
1446 1465 1728 1549 insuper
1756 1465 2122 1548 impositis.

587 1583 783 1630 xhu.
827 1567 985 1655 Non
1016 1567 1584 1650 praetermittenda
1611 1575 1717 1632 est
1748 1572 1816 1630 et
1841 1569 2179 1650 pumicum
2214 1576 2472 1634 natura.
2569 1569 2711 1654 Ap-

498 1668 833 1751 pellantur
861 1668 1131 1752 quidem
1163 1670 1259 1734 ita
1285 1678 1354 1734 et
1383 1689 1578 1734 erosa
1608 1689 1800 1747 saxa,
1834 1670 1899 1733 in
1931 1669 2257 1747 aedificiis,
2284 1692 2440 1755 quae
2470 1691 2711 1737 musea

497 1767 793 1845 vocant,¹‘
819 1771 1286 1853 dependentia,
1311 1770 1399 1835 ad
1426 1771 1780 1854 imaginem
1812 1790 2061 1854 specus
2090 1780 2229 1836 arte
2256 1772 2707 1837 reddendam:

499 1871 619 1935 sed
648 1876 714 1935 et
744 1873 793 1937 ii
823 1873 1147 1957 pumice3‚
1177 1873 1293 1956 qui
1323 1879 1478 1937 sunt
1505 1874 1574 1937 in
1607 1892 1731 1937 usu
1761 1870 2147 1957 corporum¹
2177 1874 2707 1958 laevigandorum

1428 2053 1456 2072 O
1460 2052 1721 2074 OOOOO‘OOO
1726 2052 1748 2071 Ι
1753 2052 1781 2070 0

565 2183 699 2234 CAP.
721 2196 810 2235 ιι..
878 2188 904 2233 1
941 2184 1072 2235 Cod.
1095 2185 1278 2235 Dalec.
1298 2184 1600 2248 vertiginem.

1491 2334 1543 2384 N
1550 2333 1707 2383 01*AE

559 2446 585 2481 ‘¹
621 2449 726 2503 Quo
747 2461 892 2511 supra
924 2446 1106 2497 dictum
1140 2452 1213 2496 est
1245 2448 1403 2512 modo]
1439 2448 1558 2498 Hoc
1634 2448 1902 2513 Ἀραβικόν.
1934 2451 2167 2501 Isidorus
2190 2450 2316 2500 item
2337 2455 2524 2500 xv1.4.
2570 2436 2704 2500 Ara-

1634 2524 1756 2573 bum
1803 2541 1897 2588 pro
1943 2527 2173 2577 Arabico
2222 2528 2423 2591 antiqui
2481 2527 2699 2577 dixere:

496 2608 552 2651 to
578 2602 812 2665 proxime
837 2600 1033 2649 dictum
1066 2607 1252 2662 est,‘c.
1274 2604 1357 2650 37.
1390 2600 1558 2650 ‘Pro-
1635 2600 1857 2650 Ovidius
1895 2603 1948 2651 in
1993 2604 2162 2667 Epist.
2204 2605 2461 2666 Sapphus,
2504 2617 2582 2653 vs.
2618 2607 2701 2652 76.

493 2679 607 2730 ficit
646 2681 914 2731 oculorum
946 2682 1187 2746 lacrymis
1209 2682 1262 2730 in
1287 2683 1423 2731 lacte
1447 2697 1557 2731 mu·

492 2755 682 2805 liebri.’

558 2837 582 2863 e
615 2831 825 2881 Prodest
845 2837 894 2881 et
913 2832 1102 2896 contra]
1137 2834 1319 2883 Diosc.
1340 2834 1439 2884 loc.
1464 2835 1555 2885 cit.

559 2905 580 2940 f
602 2907 902 2972 Vertigines]
928 2909 1270 2960 Dioscorides
1291 2912 1403 2960 baec
1432 2924 1556 2972 pau-

494 2982 545 3033 lo
583 2983 872 3041 obscurius,
911 2984 1014 3034 loc.
1039 2985 1128 3035 cit.
1163 3000 1279 3034 cnm
1317 2987 1390 3034 ait
1425 2987 1558 3035 lianc

493 3059 664 3108 inesse
706 3058 806 3107 vim
842 3059 1016 3109 Samio
1055 3061 1236 3124 lapidi,
1267 3069 1327 3109 ut
1366 3061 1557 3109 instru-

493 3142 668 3184 menta
692 3148 935 3186 sensuum
957 3137 1191 3201 adjuvet,
1209 3145 1264 3187 et
1287 3138 1351 3188 ab
1369 3137 1557 3201 injuria

492 3210 744 3262 vindicet.

557 3295 584 3331 s
620 3288 861 3337 Probatur
904 3288 1165 3351 gravitate,
1204 3289 1317 3352 ξω]
1370 3288 1553 3338 Diosc.

491 3365 591 3413 loe.
614 3364 707 3413 cit.
739 3363 961 3429 Διαφέρει
991 3364 1041 3415 δὲ
1074 3366 1102 3414 ὁ
1131 3365 1318 3423 λευκὸς,
1348 3365 1425 3414 καὶ
1453 3381 1556 3413 στι-

491 3437 654 3503 βαρύς.

557 3514 582 3548 ¹¹
623 3516 824 3580 Valvas]
857 3515 1039 3566 Diosc.
1079 3517 1179 3566 loc.
1201 3518 1289 3567 cit.
1339 3519 1484 3566 Δοκεῖ
1501 3517 1555 3568 δὲ

492 3590 572 3641 καὶ
592 3590 843 3642 ὠκυτόκιον
865 3590 983 3642 εἶναι
1013 3592 1093 3642 καὶ
1111 3594 1430 3658 φυλακτήριος
1459 3597 1556 3644 τῶν

492 3671 851 3731 συνειληφυιῶν,
875 3670 1254 3732 reptas-rspertes.
1324 3672 1555 3721 Creditur

489 3751 538 3794 et
561 3745 853 3808 adalligatus
872 3749 1132 3797 accelerare
1152 3752 1339 3811 partus,
1377 3753 1425 3798 et
1444 3764 1552 3797 con·

489 3826 650 3884 ceptus
667 3822 978 3881 soeminarum
997 3825 1249 3873 custodire.
1547 3832 1554 3839 '

554 3895 570 3928 ¹
590 3897 782 3946 Arabus
799 3897 946 3961 lapis]
969 3898 1056 3947 Sic
1074 3899 1202 3950 Mss.
1222 3913 1418 3962 omnes,
1442 3906 1549 3949 tum

488 3971 589 4020 hoc
604 3974 861 4030 loco,tum
877 3975 926 4022 in
947 3973 1146 4025 Indice.
1177 3973 1423 4025 Arabium
1442 3975 1551 4026 Ga·

487 4049 638 4101 lenus
661 4057 810 4099 vocat
827 4051 895 4098 de
918 4052 1044 4101 Fac.
1064 4052 1231 4114 Simp.
1248 4054 1393 4103 Med.
1415 4054 1449 4104 l.
1467 4067 1550 4104 11.

489 4138 544 4188 p.
554 4127 669 4175 857.
678 4123 746 4174 ‘O
760 4143 822 4187 ’γε
836 4126 931 4187 μὴν
944 4127 1158 4192 Ἀράβιος
1172 4128 1460 4191 καλούμενος
1475 4129 1549 4179 M·

489 4206 588 4260 eos,
607 4201 766 4251 ἐοικὼς
786 4202 1029 4265 ἐλέφαντι,
1051 4209 1325 4268 ξηραντικῆς
1340 4206 1416 4256 καὶ
1437 4207 1551 4269 pinr-

486 4279 620 4337 τικῆς
651 4276 755 4327 ἔστι
785 4278 1030 4340 δυνάμεως.
1097 4283 1280 4333 Diosc.
1329 4298 1383 4332 v.
1427 4287 1542 4334 149.

1633 2676 1648 2703 ‘
1690 2676 1811 2725 Non
1854 2674 2035 2727 Arabo
2077 2686 2258 2728 noster
2310 2692 2426 2727 rore
2474 2678 2698 2740 capillus

1632 2751 1805 2801 olet:’
1868 2755 1969 2802 boc
2019 2762 2121 2810 est,
2183 2755 2393 2818 myrrha
2444 2752 2699 2803 Arabica.

1634 2830 1765 2880 Quae
1801 2845 1958 2892 porro
1996 2831 2064 2881 de
2104 2832 2299 2881 viribus
2322 2831 2489 2881 Arabi
2512 2831 2701 2895 lapidis

1633 2907 1925 2970 produntur
1948 2925 1979 2958 a
2002 2911 2191 2967 Plinio,
2225 2913 2336 2960 liaec
2373 2910 2549 2960 verbis
2586 2910 2700 2962 fere

1637 2982 1858 3033 totidem
1897 2986 2070 3035 Diosc.
2109 2987 2205 3036 loc.
2240 2986 2331 3035 cit.
2399 2987 2506 3037 Qui
2544 3001 2699 3050 porro

1634 3061 1702 3109 sit
1725 3061 1855 3122 lapis
1873 3061 2147 3119 Arabicus,
2167 3078 2268 3112 uon
2290 3063 2417 3113 satis
2435 3071 2666 3113 constat.

1694 3135 1712 3179 ³
1750 3138 1871 3186 Cam
1893 3139 2148 3203 lanugine]
2191 3139 2310 3189 Hoc
2348 3147 2448 3196 est,
2473 3147 2536 3188 ut
2571 3139 2697 3189 alibi

1633 3212 1786 3278 dixit,
1803 3230 1917 3264 cum
1940 3217 2164 3267 linteolis
2184 3218 2499 3281 concerptis.
2521 3218 2697 3267 Char-

1626 3304 1724 3353 pte.

1694 3365 1719 3399 Β
1756 3369 1880 3424 Quae
1910 3381 2072 3417 musea
2102 3368 2293 3431 vocant]
2339 3371 2574 3433 Μουσεῖα,
2596 3371 2693 3421 hoc

1631 3449 1734 3505 est,
1785 3445 2048 3493 diversoria
2099 3446 2404 3497 eruditorum.
2490 3447 2695 3496 Plinius

1628 3519 1814 3569 Junior
1835 3520 2010 3583 Epist.
2041 3535 2083 3570 1.
2115 3524 2165 3570 9.
2206 3523 2223 3550 ‘
2245 3522 2294 3570 Ο
2324 3523 2501 3571 mare!
2536 3537 2569 3570 o
2609 3521 2693 3571 lit·

1630 3602 1713 3644 tus
1735 3597 1746 3643 !
1773 3610 2053 3660 verumque
2072 3605 2440 3663 secretumque
2452 3602 2694 3662 μουσεῖον,

1630 3685 1780 3735 qnam
1812 3671 1973 3720 multa
2010 3673 2281 3722 invenitis!
2332 3687 2488 3737 quam
2528 3676 2691 3725 multa

1628 3747 1913 3799 dictatisl’
1997 3747 2161 3798 'Aliud
2203 3750 2358 3813 louge
2403 3759 2507 3813 est,
2550 3751 2688 3816 quod

1627 3825 1917 3875 Mosaicum
1952 3840 2083 3889 opus
2122 3828 2461 3892 appellamus,
2482 3828 2554 3878 de
2585 3843 2688 3893 quo

1627 3916 1721 3950 nos
1746 3900 1868 3950 alibi
1890 3901 2082 3950 dicturi
2104 3916 2309 3951 sumus:
2344 3904 2442 3952 etsi
2462 3905 2684 3964 placuis-

1627 3991 1684 4027 se
1704 3976 1856 4026 aliter
1880 3977 2117 4041 intelligo
2140 3977 2258 4026 viris
2282 3977 2527 4028 eruditis.

1689 4050 1705 4085 ¹
1739 4054 1801 4101 In
1828 4067 1918 4102 asa
1946 4052 2214 4116 corporum]
2246 4052 2601 4104 Pullulautem
2632 4056 2684 4105 in

1626 4129 1928 4192 corporibus
1993 4129 2323 4193 pubertatem
2386 4129 2682 4192 pumicibus

1626 4206 1930 4255 eradebant.
1991 4204 2252 4254 Martialis
2274 4218 2397 4254 xxv.
2419 4209 2535 4254 2⁰5.
2569 4205 2679 4255 ‘Sit

1623 4282 1772 4334 nobis
1790 4288 1946 4333 aetate
1966 4295 2116 4347 puer,
2134 4294 2235 4332 non
2251 4279 2479 4347 pumice.
2501 4280 2681 4332 laevis:
