3000 4917
506 345 682 409 4524

511 499 780 549 Habemus
801 500 952 564 hujus
976 502 1215 564 praeelari
1243 501 1564 551 numismatis

509 582 563 624 et
599 574 817 624 diuorum
835 577 1180 640 sequentinm,
1214 578 1314 627 hnc
1333 585 1415 628 est
1436 577 1565 627 due·

508 651 696 700 decimi
720 654 774 701 et
792 665 915 701 xm.
940 667 1239 715 expressam
1261 654 1312 702 in
1344 667 1466 704 cera
1486 652 1564 701 ef-

506 725 705 789 figiem,
757 727 989 790 ejusdem
1042 729 1192 778 amici
1245 743 1383 780 curs.
1470 729 1566 777 Est

509 802 647 864 apud
673 804 737 852 P.
759 803 825 852 de
847 804 1003 868 vitry
1029 812 1303 865 argenteus
1325 805 1566 855 denarius

508 879 703 940 similis,
727 895 844 928 eum
867 894 999 930 anno
1022 886 1118 931 KP.
1142 888 1196 931 et
1227 882 1365 931 intra
1385 882 1563 930 sellam

509 961 611 1006 un.
629 956 726 1004 hoe
737 960 835 1010 est,
854 957 1075 1018 Megaris
1090 957 1140 1006 in
1155 957 1378 1006 Boeotia.
1398 957 1451 1006 N
1454 969 1564 1005 um-

507 1030 578 1080 mi
601 1032 902 1095 impressam
925 1034 978 1082 in
1000 1046 1121 1082 eera
1149 1031 1370 1096 effigiem
1407 1030 1567 1080 habea

507 1122 639 1157 mus.

574 1186 655 1232 ll.
689 1183 863 1245 Caput
908 1182 1195 1233 Alexandri
1230 1183 1411 1246 Magni
1455 1189 1566 1231 tee-

508 1264 617 1307 tum
644 1257 781 1320 pelle
805 1259 1026 1307 leonina.
1050 1256 1133 1322 .)(.
1164 1257 1378 1321 Jupiter
1399 1258 1569 1317 sedet,

507 1343 566 1382 nt
587 1335 639 1382 in
664 1337 869 1382 nummo
903 1334 1091 1395 priore.
1158 1335 1352 1384 Latere
1376 1332 1569 1383 nummi

505 1409 734 1474 sinistro,
753 1414 1179 1460 ΑΛΕΧΑΝΔΡΟΎ.
1226 1412 1443 1467 Dextro,
1464 1415 1568 1458 ΚΔ.

505 1486 603 1534 hoe
646 1495 746 1542 est,
791 1500 924 1534 anno
959 1487 1179 1535 uicesimo
1216 1492 1405 1550 quarto.
1473 1486 1570 1535 Est

506 1563 643 1624 apud
670 1563 734 1611 P.
763 1562 829 1610 de
853 1562 1027 1626 Vitry‚
1062 1576 1297 1611 nummus
1331 1562 1568 1612 maximo

506 1639 654 1701 molis
696 1645 993 1701 argenteus.
1035 1638 1184 1702 cujus
1229 1638 1475 1688 habemus
1514 1639 1571 1688 in'

507 1728 630 1766 cera
652 1716 951 1776 impressam
980 1715 1271 1777 imaginem.

572 1794 653 1840 12.
690 1791 866 1853 Caput
906 1788 1193 1838 Alexandri
1236 1788 1421 1851 Magni
1459 1792 1569 1837 tee-

507 1872 616 1919 ιω
644 1867 781 1930 pelle
811 1865 1031 1914 leonina.
1056 1863 1139 1930 .)(.
1165 1864 1378 1928 Jupiter
1399 1865 1571 1925 sedet,

506 1942 640 1991 utin
662 1955 866 1989 nummo
890 1939 1079 2002 priore.
1161 1941 1351 1990 Latere
1376 1939 1569 1988 nummi

508 2017 738 2080 sinistro,
756 2021 1175 2064 ΑΛΕΧΑΝΔΡΟΥ.
1230 2016 1420 2065 Latere
1443 2015 1571 2064 dex·

508 2098 592 2143 tro
615 2093 679 2142 ad
701 2092 850 2143 Jovis
874 2106 1043 2154 genus
1065 2098 1163 2140 ΚΕ.
1187 2092 1284 2140 line
1306 2097 1409 2154 est,
1432 2104 1569 2141 anno

504 2167 721 2217 vicesimo
742 2169 921 2231 quinto.
987 2169 1082 2216 Est
1104 2168 1158 2216 in
1178 2169 1442 2217 Thesauro
1469 2168 1571 2216 Re·

506 2244 611 2306 gio,
623 2243 859 2292 maxime
873 2243 1018 2292 molis
1028 2250 1321 2306 argenteus.
1337 2242 1491 2306 Apud
1508 2243 1570 2291 D.

507 2319 574 2368 de
599 2319 737 2367 Boze
762 2319 897 2366 idem
922 2324 1021 2381 est,
1050 2319 1144 2367 aed
1175 2332 1292 2368 eum
1317 2331 1571 2381 superpo·

506 2395 615 2444 sitis
638 2408 852 2444 numero
888 2408 1138 2444 annornm
1170 2393 1247 2443 his
1268 2393 1449 2458 literis,
1468 2398 1566 2445 ΑΞ.

1469 2474 1567 2519 ΚΕ.

504 2547 603 2599 hoe
644 2553 743 2608 est,
801 2543 1172 2615 'Ap-ranssorioev·
1216 2562 1341 2596 anno
1385 2546 1568 2600 XXV.

506 2622 791 2673 Alexandri
814 2624 1014 2687 Magni.
1081 2624 1145 2673 Iu
1169 2624 1291 2679 alio,
1308 2635 1459 2687 quem
1478 2637 1572 2671 ex-

505 2698 653 2747 hibet
685 2699 895 2761 Sylloge
928 2700 1305 2749 Numismatum
1348 2696 1570 2747 laudini

505 2773 652 2822 editu
672 2788 806 2822 auno
832 2778 982 2839 1708..
997 2775 1326 2836 superposita
1349 2780 1429 2822 est
1450 2774 1569 2822 lite·

507 2849 580 2898 ria
618 2852 963 2899 numeralibus
1014 2855 1108 2900 xz.
1151 2851 1305 2899 litera
1349 2856 1406 2898 Φ.
1449 2862 1568 2912 qum

506 2925 773 2990 Phthiam,
803 2927 890 2975 vel
923 2924 1225 2975 Phthiotide
1257 2924 1492 2978 denotat,
1515 2926 1567 2972 in

581 3052 716 3102 Anni
863 3054 999 3104 Anni
1183 3052 1519 3116 Olympiadum

526 3122 637 3168 ante
663 3118 778 3169 Clu·-
872 3119 934 3167 U.
962 3119 1021 3168 C.
1182 3118 1386 3165 calculus
1438 3118 1542 3164 vul-

1182 3183 1337 3242 garis,
1350 3195 1455 3228 cum
1471 3180 1573 3228 vul-

1186 3246 1301 3306 gari
1318 3243 1542 3293 Chroaol.

572 3344 685 3391 342.
878 3343 994 3391 412.
1058 3377 1066 3383 .
1252 3352 1363 3388 cix.
1427 3339 1480 3388 8.

574 3585 689 3631 341.
883 3584 1001 3630 413.
1441 3581 1490 3627 4.

468 3729 471 3732 ⁴
571 3667 687 3716 340.
875 3665 995 3711 414.
1276 3672 1366 3710 cx.
1440 3662 1489 3707 1.

572 3749 686 3795 339.
877 3746 992 3794 415.
1437 3743 1485 3789 2.

574 3986 689 4033 888.
881 3985 996 4032 416.
1449 3985 1497 4030 3.

572 4213 693 4263 837.
884 4210 1001 4262 417.
1458 4206 1510 4255 4.

1096 358 1313 407 NOTAE
1364 358 1454 406 m·
1506 355 2005 408 EMENDATION
2021 358 2102 407 Es

1637 501 1932 553 Thessalia.
2404 516 2407 519 ·

1702 580 1784 626 18.
1821 576 1998 639 Caput
2022 572 2310 624 Alexandri
2335 575 2515 638 Magni
2538 578 2699 629 leoni-

1635 669 1705 703 na
1739 654 1874 717 pelle
1908 659 2124 703 tectum.
2163 651 2250 717 .)(.
2288 651 2500 716 Jupiter
2531 656 2703 720 sedet,

1638 737 1698 779 nt
1738 729 1791 778 in
1828 728 2046 777 nummis
2074 729 2443 791 superioribus.
2509 730 2701 782 Latere

1637 805 1850 854 sinistro
1871 808 2291 854 Ant-:maron
2355 805 2551 855 Latere
2574 806 2700 856 dex-

1638 887 1721 930 tro
1749 887 1807 932 Λ.
1844 880 1942 930 hoe
1983 887 2084 942 est,
2121 894 2246 929 anuo
2286 881 2535 930 Μωσέως».
2605 883 2703 931 Est

1636 959 1720 1008 liic
1757 965 2040 1023 argenteus
2086 960 2324 1008 similiter
2356 961 2587 1024 egregiae
2626 958 2702 1009 sa-

1637 1036 1820 1100 briem,
1848 1042 1906 1085 et
1929 1037 2132 1099 majoris
2157 1035 2368 1092 moduli,
2393 1036 2445 1084 in
2469 1036 2701 1085 ‘l'liesau-

1638 1125 1697 1161 ro
1722 1113 1900 1176 Regio,
1936 1120 1992 1161 et
2024 1111 2162 1175 apud
2202 1112 2275 1161 D.
2312 1112 2378 1160 de
2410 1112 2570 1160 Boze-
2637 1111 2701 1160 In
2801 1140 2811 1147 -

1639 1188 1825 1238 Museo
1848 1192 2023 1236 nostro
2048 1183 2323 1250 argenteus
2345 1193 2429 1235 est
2454 1187 2593 1235 mole
2616 1185 2704 1234 de-

1641 1263 1790 1324 narii,
1810 1263 1898 1326 qui
1919 1263 1971 1311 in
2003 1262 2400 1311 intercolumnio
2423 1260 2706 1320 cathedrae,

1639 1338 1692 1386 in
1737 1351 1837 1401 qua
1873 1337 2086 1401 Jupiter
2125 1334 2292 1393 sedet,
2343 1336 2565 1385 eandem
2613 1338 2704 1384 ha·

1641 1415 1734 1463 bet
1765 1415 1968 1462 literam
1999 1420 2055 1462 Α.
2079 1414 2173 1461 hoc
2196 1419 2295 1474 est,
2316 1426 2492 1470 anuum
2514 1413 2704 1462 tricesi-

1640 1500 1784 1538 mum.

1708 1563 2035 1627 Quid-porro
2069 1563 2121 1612 hi
2155 1561 2356 1612 numeri
2390 1562 2442 1611 in
2480 1563 2703 1612 nummis

1638 1638 1931 1703 principum
1965 1639 2131 1687 notati
2167 1650 2321 1701 quam
2363 1649 2524 1685 annos
2565 1637 2704 1700 ipso-

1641 1728 1749 1763 rum
1775 1713 2097 1778 principatus
2121 1713 2429 1775 designant?
2481 1713 2605 1764 Fuit
2631 1712 2704 1762 nl·

1640 1789 1825 1839 mirum
1860 1789 2161 1839 Alexander
2189 1788 2439 1837 claritatis
2475 1800 2539 1838 ae
2570 1789 2705 1836 eele-

1643 1864 1851 1915 britatis
1898 1870 2078 1928 tantm,
2125 1871 2184 1913 nt
2222 1862 2410 1926 diguus
2455 1863 2598 1912 visus
2634 1863 2708 1913 sit

1641 1940 1953 1989 Monetariis
1971 1952 2036 1987 ex
2048 1952 2150 2003 quo
2165 1938 2578 2001 proegigneretur
2596 1952 2709 1987 mos

1642 2029 1804 2066 annos
1826 2015 2111 2079 principum
2136 2014 2472 2078 consignandi
2490 2015 2541 2063 in
2561 2026 2706 2064 num-

1641 2093 1754 2141 ruis.
1786 2090 1991 2141 Exinde
2015 2098 2161 2141 certe
2176 2091 2228 2139 in
2244 2090 2564 2139 numismatis
2588 2103 2705 2139 snc-

1641 2180 1905 2217 eessorum
1930 2166 2042 2229 ejus
2068 2165 2248 2214 eadem
2272 2166 2549 2216 observata
2572 2166 2706 2215 ratio

1641 2249 1754 2292 esta
1779 2239 1923 2304 prius
1946 2254 2048 2290 non
2073 2249 2360 2306 comparet.

1711 2317 1863 2366 Nune
1917 2316 2077 2378 igitur
2118 2328 2364 2366 annorum
2420 2315 2707 2365 Alexandri

1641 2392 1824 2455 Magni
1839 2390 2044 2454 gemina
2058 2391 2399 2453 chronologia
2417 2392 2709 2454 digerenda

1642 2468 1726 2517 hie
1746 2475 1849 2528 est,
1875 2473 1931 2516 et
1954 2465 2279 2530 subjicienda
2299 2467 2496 2516 oeulis:
2524 2468 2703 2530 vulge-

1643 2543 1714 2592 ris
1735 2544 1921 2604 altera,
1949 2544 2115 2591 altera
2144 2556 2301 2602 ναις
2346 2542 2444 2591 hoe
2466 2550 2568 2603 est,
2589 2556 2704 2591 eum

1641 2619 1815 2669 Sacris
1832 2618 2022 2678 Libris,
2048 2623 2106 2665 ut
2129 2618 2372 2674 diximus,
2395 2631 2512 2666 enm
2535 2618 2705 2667 esleu-

1644 2696 1697 2743 lo
1713 2694 2080 2757 olympiadum
2100 2692 2360 2755 Pliniana,
2375 2706 2492 2743 eum
2513 2694 2707 2742 numis-

1645 2772 1797 2820 matis
1819 2769 2101 2829 veteribus,
2133 2775 2191 2818 et
2223 2780 2338 2816 enm
2361 2768 2589 2817 siderum
2616 2769 2706 2816 ob·

1644 2845 1956 2899 servatione,
2000 2856 2152 2906 quam
2192 2842 2391 2892 Plinius
2429 2844 2708 2907 diligenter

1647 2914 1940 2983 descripsit,
1962 2920 2150 2967 eximie
2174 2919 2535 2968 consentiens:

1784 3047 2121 3126 Olympiadem
2141 3048 2345 3096 calculus
2366 3047 2556 3122 Plinia-

1788 3128 1897 3175 πω,
1916 3117 1968 3162 et
1988 3127 2101 3162 vera
2126 3112 2465 3186 clironologaa.

1646 3349 1784 3395 exn.
1851 3338 1900 3384 3.
1969 3332 2176 3382 Primus
2218 3330 2509 3383 Alexandri
2547 3345 2705 3382 annus

1972 3414 2022 3463 in
2056 3413 2364 3463 Macedonia
2400 3396 2555 3478 paule*
2587 3420 2707 3462 ante

1976 3507 2203 3543 mensem
2227 3492 2612 3557 Septembrem.

1863 3580 1914 3626 4.

1638 3670 1800 3708 cxm.
1866 3661 1915 3706 1.

1862 3740 1910 3785 2.
1978 3734 2158 3784 Annus
2183 3731 2472 3785 Alexandri
2487 3738 2550 3780 Δ.
2567 3747 2707 3794 quar·

1985 3820 2082 3872 tus,
2119 3815 2174 3862 in
2213 3827 2421 3861 nummo
2463 3819 2643 3862 vetere
2678 3824 2711 3859 a

1982 3894 2279 3958 Septembri
2300 3893 2453 3954 hujus
2484 3891 2623 3940 anni.
2648 3918 2653 3923 ·

1864 3980 1913 4028 8.
1978 3974 2161 4025 Annus
2187 3972 2473 4022 Alexandri
2498 3977 2553 4019 Β.
2573 3972 2710 4034 quin·

1983 4061 2081 4116 tes,
2123 4055 2177 4102 in
2213 4065 2422 4102 nummo
2446 4058 2647 4107 vetere,
2681 4064 2712 4100 a

1872 4203 1905 4254 4
1988 4132 2282 4201 Septembri
2307 4132 2461 4196 hujus
2484 4130 2622 4183 anni.
