3000 4917
462 392 635 462 4916
1446 396 1527 456 iN
1542 404 1694 455 unx

530 543 843 620 Calpurnius.
903 551 1036 602 Vide
1058 551 1244 601 Bassus
1269 551 1577 615 Calpurnius.

531 636 761 686 Calvinus
784 633 1050 688 Domitius,
1071 633 1125 680 in
1151 631 1334 680 Indice
1360 631 1451 680 lib.
1474 644 1558 678 ιιι.

531 716 705 764 Calvus
727 714 959 773 Licinius.
1027 712 1234 762 Catullo
1257 711 1341 760 hic
1362 709 1633 759 familiaris
1656 707 1776 765 fnit,
1796 715 1855 758 ut
1881 724 1945 758 ex
1967 709 2117 773 liujus
2153 710 2218 759 ad
2241 708 2390 760 illum
2411 709 2673 761 hendeca-

462 795 673 859 syllabis
705 796 899 858 liquet:
935 808 1051 843 cum
1074 794 1249 841 Tullio
1272 791 1340 841 de
1361 789 1627 842 facundius
1651 791 1952 855 principatu
1984 791 2296 854 decertavit,
2327 799 2390 842 ut
2414 794 2571 843 testis
2594 798 2675 841 est

460 877 661 925 Seneca
699 874 946 924 Controv.
982 886 1070 922 ιιι.
1101 875 1183 922 19.
1223 887 1275 934 p.
1315 875 1431 921 150.
1499 871 1670 935 Hujus
1706 871 1758 920 in
1789 871 1921 922 Julii
1944 871 2168 921 Caesaris
2207 870 2403 922 famam
2426 880 2671 922 exaratos

461 969 640 1005 versus
680 955 873 1004 recitat
910 954 1190 1004 Suetonius
1229 953 1281 1001 in
1323 953 1486 1008 sulio,
1528 967 1577 1001 c.
1613 956 1697 1002 49.
1739 967 1792 1016 p.
1832 958 1882 1002 9.
1960 952 2213 1017 Ejusdem
2252 953 2446 1016 poiima
2487 954 2672 1003 laudat

460 1036 722 1085 Charisius
739 1035 830 1085 lib.
857 1050 894 1084 ι.
919 1050 971 1097 p.
991 1037 1105 1084 120.
1138 1033 1422 1085 Orationes
1444 1034 1540 1084 lib.
1564 1048 1627 1083 ιι.
1651 1049 1703 1097 p.
1724 1037 1843 1084 203.

531 1117 726 1166 Cassius
747 1113 975 1165 Hemina.
1043 1116 1243 1164 Laudat
1274 1115 1412 1164 hunc
1445 1115 1652 1164 Solinus
1687 1130 1737 1165 c.
1758 1119 1808 1165 2.
1847 1130 1898 1178 p.
1923 1119 2005 1165 13.
2072 1115 2276 1165 Nonius
2299 1129 2351 1165 c.
2377 1118 2428 1165 2.
2474 1131 2527 1164 u.
2553 1119 2669 1164 163.

456 1195 909 1264 ‘Cymbalissare‚’
962 1196 1149 1258 inquit,
1201 1201 1216 1224 ‘
1241 1203 1321 1245 est
1359 1196 1599 1259 cymbala
1636 1204 1871 1260 quatere.
1937 1196 2148 1246 Cassius
2184 1196 2414 1246 Hemina
2460 1196 2553 1245 lib.
2584 1210 2669 1246 ιιι.

459 1284 476 1307 ·
493 1278 688 1327 Mulier
710 1277 954 1326 cantabat
975 1276 1118 1324 tibiis
1140 1275 1402 1339 Phrygiis,
1426 1282 1482 1325 et
1505 1276 1674 1325 altera
1695 1274 2139 1340 cymbalissabat.'
2203 1275 2456 1339 Ejusdem
2481 1277 2668 1324 librum

460 1355 736 1405 Annalium
768 1356 987 1419 primum
1018 1355 1153 1405 citat
1187 1354 1387 1404 Gellius
1413 1368 1559 1405 xvn.
1580 1360 1665 1405 21.
1704 1370 1755 1418 p.
1774 1360 1889 1405 982.
1923 1356 2207 1406 secundnm
2235 1356 2548 1406 Macrobius
2576 1357 2670 1405 Sa·

462 1446 602 1486 turn.
623 1450 666 1486 1.
685 1440 765 1485 16.
803 1452 854 1499 p.
877 1439 993 1485 266.
1083 1435 1335 1485 Quartum
1360 1434 1496 1483 idem
1532 1435 1733 1485 Nonius
1749 1449 1796 1485 c.
1812 1440 1861 1485 2.
1892 1451 1944 1484 ιι.
1967 1441 2081 1486 495.
2103 1436 2266 1486 verbo
2299 1441 2315 1466 ⁸
2335 1436 2668 1487 Litterosus.’

460 1518 609 1567 Vixit
650 1517 805 1567 Ludis
844 1516 1191 1566 Saecularibus
1215 1515 1435 1580 quartis,
1468 1516 1531 1565 C.
1565 1516 1724 1566 Corn.
1764 1516 2007 1577 Lentulo,
2052 1518 2111 1565 L.
2133 1517 2390 1566 Mummio
2429 1517 2666 1567 Achaico

460 1597 608 1647 Coss.
625 1611 762 1646 anno
783 1596 852 1646 U.
879 1597 936 1647 C.
959 1609 1134 1645 ncvn.
1157 1602 1295 1645 teste
1319 1594 1607 1645 Censorino
1628 1611 1677 1645 e.
1692 1600 1773 1645 17.
1841 1598 2015 1648 Quare
2034 1596 2283 1646 simlerus
2299 1597 2669 1660 hallucinatus,

460 1678 549 1740 qui
572 1693 688 1727 eum
710 1677 981 1740 scripsisse
1007 1677 1071 1725 ad
1093 1676 1354 1725 Tiberium
1380 1683 1553 1738 putat,
1569 1680 1721 1741 quem
1747 1677 2006 1739 imperare
2039 1678 2232 1727 scimus
2263 1677 2491 1741 coepisse
2529 1691 2665 1727 anno
2719 1670 2726 1677 ’

459 1771 655 1808 nccxc.
721 1758 952 1808 Cassium
972 1757 1247 1806 Heminam
1273 1748 1480 1805 seilicet
1495 1771 1614 1806 eum
1634 1758 1814 1806 Cassio
1831 1759 2029 1808 Severo
2048 1756 2336 1807 confundit.

528 1837 723 1887 Cassius
746 1836 1039 1898 Parmensis,
1066 1835 1202 1885 idem
1225 1835 1430 1885 Severus
1451 1838 1847 1900 cognominatus
1869 1853 1883 1886 ε
1918 1851 2050 1886 unus
2071 1853 2101 1886 e
2133 1834 2359 1888 Coes'aris
2386 1852 2666 1901 percusso·

459 1916 624 1978 ribus,
646 1919 732 1981 qui
757 1918 980 1967 omniurn
1008 1925 1297 1980 postremus
1333 1916 1602 1979 parricidii
1643 1931 1822 1980 poenas
1855 1917 1971 1973 luit,
1995 1923 2053 1968 ut
2090 1934 2122 1966 a
2155 1919 2359 1968 Velleio
2395 1919 2665 1982 proditum

454 1997 553 2046 lib.
578 2011 642 2047 u.
661 1997 884 2060 Scripsit
903 1996 968 2045 ad
990 1995 1273 2044 Antonium
1293 1996 1588 2059 epistolam,
1610 2011 1764 2059 quam
1789 1997 1992 2046 Plinius
2009 1998 2186 2047 laudat
2204 2012 2365 2048 xxxt-
2383 2004 2433 2048 8.
2491 2001 2581 2049 De
2602 2015 2664 2049 eo

460 2078 653 2127 Horat.
676 2092 716 2126 1.
739 2078 894 2141 epist.
915 2079 965 2124 4.
994 2078 1010 2105 ‘
1029 2077 1288 2131 Scribere,
1314 2079 1449 2141 quod
1485 2076 1632 2126 Cassi
1666 2078 1965 2127 Parmensis
1988 2079 2242 2142 opuscula
2263 2078 2483 2129 vincat.⁸
2549 2080 2665 2128 Hu-

449 2159 710 2222 jimnm
726 2160 1046 2221 epigramma
1068 2158 1133 2206 de
1155 2157 1388 2220 Orpheo,
1420 2159 1558 2207 inter
1583 2158 1847 2222 poematia
1872 2166 2050 2208 vetera
2071 2173 2104 2207 a
2131 2159 2333 2209 Pithoeo
2366 2159 2535 2223 edita,
2559 2161 2664 2210 Pa·

452 2239 551 2289 ris.
579 2243 724 2288 1590.
745 2238 835 2286 lib.
857 2252 935 2286 ιν.
960 2255 1009 2300 p.
1029 2241 1142 2287 185.

527 2319 725 2368 Cassius
748 2319 951 2385 Severus
973 2319 1301 2382 Longulanus,
1319 2333 1349 2367 a
1371 2319 1537 2368 natali
1561 2319 1692 2379 solo,
1710 2318 1883 2367 Italiae
1913 2320 2122 2383 oppido,
2148 2321 2223 2370 sic
2255 2323 2572 2387 appellatae,
2603 2330 2665 2372 ut

458 2415 490 2448 a
513 2399 695 2448 Cassio
723 2399 917 2448 Severo
941 2399 1211 2448 Parmensi
1244 2398 1682 2462 distingueretur.
1753 2400 1961 2449 Flornit
1991 2402 2241 2450 extremis
2265 2401 2495 2466 Augusti
2531 2412 2663 2453 tem·

458 2478 692 2543 poribus,
715 2489 769 2528 et
799 2479 996 2528 Tiberii
1020 2479 1314 2543 principatu
1336 2494 1350 2526 ε
1384 2472 1597 2541 insignis
1629 2485 1805 2528 orator
1827 2493 1858 2527 a
1886 2479 2059 2528 Plinio
2093 2487 2303 2530 vocatus
2323 2496 2427 2553 vr—r.
2452 2487 2534 2532 10.
2559 2490 2616 2532 et
2633 2498 2665 2531 a

459 2560 681 2611 Quintil.
701 2573 756 2609 x.
781 2565 828 2610 1.
854 2574 905 2621 p.
924 2563 1040 2608 753.
1074 2559 1160 2609 ubi
1182 2559 1373 2608 eximie
1392 2560 1504 2623 ejus
1527 2559 1719 2621 ingenii
1753 2557 1924 2609 forma
1961 2567 2019 2610 et
2053 2562 2308 2611 acerbitas
2333 2563 2664 2627 depingitur.

459 2639 733 2689 Hactenus
766 2639 817 2687 in
852 2639 1103 2688 Plinianis
1141 2639 1461 2690 editionibus
1491 2640 1765 2704 legebatur
1786 2640 2021 2691 divisim:
2061 2642 2226 2691 Cassio
2247 2643 2439 2704 Severo,
2465 2645 2661 2707 Longa·

457 2720 600 2768 lano.-
633 2721 770 2767 unde
811 2719 1061 2768 Simlerus
1093 2721 1147 2768 in
1187 2721 1428 2783 Epitome
1466 2722 1717 2785 Gesneri,
1746 2730 1802 2770 ut
1838 2724 2168 2786 scriptorum,
2200 2724 2378 2787 credo,
2414 2738 2662 2774 numerus

459 2806 743 2861 cresceret,
785 2800 1138 2862 Longulanum
1178 2800 1387 2862 putavit
1427 2802 1694 2865 proprium
1733 2816 1845 2851 esse
1881 2804 2152 2866 scriptoris
2197 2819 2404 2856 nomen.
2492 2807 2662 2870 Hujus

458 2869 824 2927 CassiiS'everi
849 2878 1080 2929 libellum
1104 2879 1367 2942 scriptum
1405 2882 1469 2929 ad
1509 2880 1854 2931 Maecenatem
1885 2884 2016 2933 citat
2048 2884 2313 2934 Charisius
2344 2885 2435 2935 lib.
2462 2900 2503 2934 1.
2539 2902 2663 2949 pag·

456 2962 543 3008 79.
566 2965 621 3008 et
644 2959 941 3009 Priscianus
963 2959 1055 3010 lib.
1081 2974 1178 3009 vu.
1195 2975 1247 3023 p.
1270 2964 1386 3011 759.
1454 2961 1539 3011 Ad
1560 2961 1821 3011 Tiberium
1841 2963 2027 3031 librum
2047 2966 2349 3030 secundnm,
2374 2967 2661 3018 Diomedes

457 3038 550 3087 lib.
575 3052 614 3086 1.
640 3053 692 3101 p.
714 3043 827 3088 3⁷0.
2223 3036 2228 3039 ’

526 3119 714 3168 Castor.
778 3119 917 3169 Vide
942 3122 1183 3171 Antonias
1202 3124 1390 3172 Castor.

530 3198 811 3248 Castricius.
876 3200 1030 3249 Falso
1052 3202 1302 3251 Simlerus
1328 3202 1519 3266 aliique
1553 3204 1870 3263 existimant,
1892 3207 2090 3256 laudari
2115 3222 2146 3256 a
2168 3208 2340 3257 Plinio
2369 3207 2435 3256 T.
2461 3208 2658 3258 Castri-

457 3278 586 3326 tinm
611 3279 910 3336 Rlietorem,
935 3279 1000 3329 de
1023 3296 1124 3344 quo
1147 3283 1346 3331 mentio
1370 3280 1615 3354 frequens
1648 3286 1785 3348 apud
1812 3287 2061 3348 Gellium,
2086 3288 2248 3350 quise
2272 3303 2334 3337 eo
2370 3303 2517 3337 usum
2540 3303 2657 3338 esse

457 3357 705 3420 magistro
745 3363 970 3409 testatur
1000 3375 1130 3412 xm.
1166 3356 1249 3412 21.
1296 3377 1347 3426 p.
1371 3367 1484 3413 699.
1524 3365 1780 3415 Hadriani
1816 3366 1954 3430 Imp.
1992 3374 2172 3417 aetate.
2241 3368 2412 3432 Hujus
2452 3378 2654 3432 patrem

457 3437 633 3499 potins
654 3436 811 3486 fuisse
835 3445 1044 3502 oportet
1066 3456 1202 3505 eum,
1225 3456 1377 3507 quem
1400 3443 1670 3507 scripsisse
1693 3445 2081 3510 κηπουρικὰ,Ιιοο
2105 3457 2206 3512 est,
2224 3451 2285 3498 de
2304 3449 2381 3498 Re
2401 3450 2657 3514 Hortensi,

456 3516 656 3566 Plinius
676 3517 751 3567 ait
776 3517 828 3565 in
853 3518 1032 3567 Indice
1051 3520 1140 3569 lib.
1160 3535 1282 3571 xlx.

526 3599 647 3646 Cato
661 3597 932 3646 Censorius.
955 3598 1162 3649 Laudat
1181 3601 1316 3650 hunc
1343 3599 1589 3667 breviter,
1613 3610 1668 3653 at
1689 3605 1894 3668 eximie,
1915 3607 2224 3658 Quintilian.
2242 3622 2346 3658 xu.
2363 3613 2444 3659 11.
2461 3625 2518 3674 p.
2536 3614 2652 3660 914.

457 3678 544 3726 De
568 3692 631 3726 eo
650 3678 813 3727 multa
836 3677 1059 3729 diximus
1081 3693 1182 3729 vn.
1206 3682 1289 3731 28.
1355 3682 1581 3746 Scripsit
1604 3684 1671 3732 de
1704 3685 1783 3734 Re
1803 3686 2049 3744 Militari,
2085 3695 2146 3739 ut
2168 3689 2220 3738 in
2246 3691 2404 3739 Notis
2425 3691 2495 3739 ad
2523 3698 2649 3754 praei·

456 3754 554 3806 fat.
576 3757 868 3807 Plinianam
892 3756 1137 3822 diximus,
1169 3774 1222 3822 p.
1246 3764 1367 3809 189.
1383 3775 1435 3809 n.
1454 3760 1493 3811 f.
1564 3764 1872 3826 Epistulam·
1892 3766 1959 3816 ad
2002 3767 2186 3830 filium,
2224 3768 2375 3832 cujus
2415 3772 2648 3820 meminit

454 3836 757 3886 Priscianus
781 3836 816 3886 l.
842 3852 944 3887 vn.
969 3853 1022 3902 p.
1041 3842 1156 3889 762.
1226 3839 1501 3904 Originum
1525 3843 1705 3900 libros,
1726 3859 1941 3909 quorum
1974 3855 2176 3910 septem
2211 3864 2242 3897 a
2279 3850 2649 3901 Grammaticis

457 3915 706 3966 citantur.
776 3917 1211 3980 Agricolationem
1238 3920 1423 3969 Latine
1450 3922 1598 3985 loqui
1636 3922 1831 3985 primus
1868 3925 2113 3985 instituit,
2144 3927 2313 3992 inquit
2358 3930 2649 3980 Columella

459 3994 526 4043 de
553 3997 631 4044 Re
654 3996 807 4047 Rust.
830 4012 867 4046 ι.
891 4004 937 4049 1.
958 4000 1120 4050 Extat
1141 3999 1397 4065 hodieque
1420 4002 1508 4051 hic
1531 4003 1645 4066 ejus
1669 4002 1802 4053 liber
1824 4004 1890 4054 de
1910 4005 1987 4054 Re
2005 4006 2240 4058 Rustica.

527 4077 703 4126 Celsus.
769 4078 904 4128 Vide
931 4080 1076 4130 Corn.
1104 4081 1288 4129 Celsus.
1691 4068 1704 4077 ⁴

529 4158 749 4207 Chaereas
769 4159 1048 4217 Athenaeus,
1070 4162 1291 4211 Varroni
1316 4169 1370 4212 et
1394 4164 1689 4215 Columellae
1706 4165 1948 4217 laudatus
1974 4168 2110 4219 inter
2133 4169 2527 4233 probatissimos
2551 4173 2643 4223 Rei

458 4238 690 4287 Rusticae
712 4239 1009 4303 scriptores,
1033 4255 1073 4290 1.
1099 4244 1145 4289 l.

529 4317 792 4368 Cher-istm
834 4321 917 4369 vel
960 4321 1267 4387 Choeristeus,
1309 4323 1658 4392 Atheniensis,
1692 4328 1778 4393 qni
1813 4329 2112 4382 Columellas
2150 4330 2400 4388 chrestus,
2421 4296 2642 4382 Varroni
