<?xml version="1.0" encoding="UTF-8"?>
<!DOCTYPE html PUBLIC "-//W3C//DTD XHTML 1.0 Transitional//EN"
    "http://www.w3.org/TR/xhtml1/DTD/xhtml1-transitional.dtd">
<html xmlns="http://www.w3.org/1999/xhtml" xml:lang="en" lang="en">
 <head>
  <title>
</title>
<meta http-equiv="Content-Type" content="text/html;charset=utf-8" />
  <meta name='ocr-system' content='tesseract 3.04.00' />
  <meta name='ocr-capabilities' content='ocr_page ocr_carea ocr_par ocr_line ocrx_word'/>
</head>
<body>
  <div class='ocr_page' id='page_1' title='image "./cpliniisecundin01valpgoog_0688.png"; bbox 0 0 3000 4917; ppageno 0'>
   <div class='ocr_carea' id='block_1_1' title="bbox 476 407 652 473">
    <p class='ocr_par' dir='ltr' id='par_1_1' title="bbox 476 407 652 473">
     <span class='ocr_line' id='line_1_1' title="bbox 476 407 652 473; baseline -0.011 -1"><span class='ocrx_word' id='word_1_1' title='bbox 476 407 652 473; x_wconf 77' lang='lat'>4972</span> 
     </span>
    </p>
   </div>
   <div class='ocr_carea' id='block_1_2' title="bbox 479 553 1545 1536">
    <p class='ocr_par' dir='ltr' id='par_1_2' title="bbox 479 553 1544 1065">
     <span class='ocr_line' id='line_1_2' title="bbox 479 553 1539 626; baseline -0.014 -10"><span class='ocrx_word' id='word_1_2' title='bbox 479 569 670 626; x_wconf 82' lang='lat' dir='ltr'>Bruto,</span> <span class='ocrx_word' id='word_1_3' title='bbox 695 575 786 613; x_wconf 82' lang='lat' dir='ltr'>seu</span> <span class='ocrx_word' id='word_1_4' title='bbox 811 561 878 611; x_wconf 89' lang='lat' dir='ltr'>de</span> <span class='ocrx_word' id='word_1_5' title='bbox 895 559 1044 610; x_wconf 76' lang='lat' dir='ltr'>claris</span> <span class='ocrx_word' id='word_1_6' title='bbox 1068 555 1466 614; x_wconf 79' lang='lat' dir='ltr'>Oratoribus‚et</span> <span class='ocrx_word' id='word_1_7' title='bbox 1489 553 1539 601; x_wconf 81' lang='lat' dir='ltr'>in</span> 
     </span>
     <span class='ocr_line' id='line_1_3' title="bbox 481 629 1543 696; baseline -0.015 -5"><span class='ocrx_word' id='word_1_8' title='bbox 481 643 709 692; x_wconf 76' lang='lat' dir='ltr'>Oratore</span> <span class='ocrx_word' id='word_1_9' title='bbox 745 638 810 685; x_wconf 86' lang='lat' dir='ltr'>ad</span> <span class='ocrx_word' id='word_1_10' title='bbox 855 637 1095 696; x_wconf 80' lang='lat' dir='ltr'>Brutum,</span> <span class='ocrx_word' id='word_1_11' title='bbox 1150 639 1204 681; x_wconf 85' lang='lat' dir='ltr'>et</span> <span class='ocrx_word' id='word_1_12' title='bbox 1245 629 1543 682; x_wconf 82' lang='lat' dir='ltr'>Justiniano</span> 
     </span>
     <span class='ocr_line' id='line_1_4' title="bbox 481 705 1541 773; baseline -0.014 -8"><span class='ocrx_word' id='word_1_13' title='bbox 481 724 629 766; x_wconf 87' lang='lat' dir='ltr'>sexto</span> <span class='ocrx_word' id='word_1_14' title='bbox 652 713 784 763; x_wconf 90' lang='lat' dir='ltr'>libro</span> <span class='ocrx_word' id='word_1_15' title='bbox 821 710 1047 773; x_wconf 85' lang='lat' dir='ltr'>Codicis,</span> <span class='ocrx_word' id='word_1_16' title='bbox 1083 708 1258 757; x_wconf 84' lang='lat' dir='ltr'>Titnlo</span> <span class='ocrx_word' id='word_1_17' title='bbox 1297 705 1541 755; x_wconf 79' lang='lat' dir='ltr'>De&#39;Jure</span> 
     </span>
     <span class='ocr_line' id='line_1_5' title="bbox 480 781 1544 847; baseline -0.015 -6"><span class='ocrx_word' id='word_1_18' title='bbox 480 787 846 847; x_wconf 74' lang='lat' dir='ltr'>Deliberandi3</span> <span class='ocrx_word' id='word_1_19' title='bbox 859 793 914 836; x_wconf 89' lang='lat' dir='ltr'>et</span> <span class='ocrx_word' id='word_1_20' title='bbox 931 786 1152 835; x_wconf 71' lang='lat' dir='ltr'>Cernere</span> <span class='ocrx_word' id='word_1_21' title='bbox 1169 781 1544 839; x_wconf 73' lang='lat' dir='ltr'>haereditatem,</span> 
     </span>
     <span class='ocr_line' id='line_1_6' title="bbox 484 858 1542 926; baseline -0.013 -10"><span class='ocrx_word' id='word_1_22' title='bbox 484 868 630 916; x_wconf 82' lang='lat' dir='ltr'>adire</span> <span class='ocrx_word' id='word_1_23' title='bbox 652 872 751 926; x_wconf 84' lang='lat' dir='ltr'>est,</span> <span class='ocrx_word' id='word_1_24' title='bbox 774 864 886 912; x_wconf 80' lang='lat' dir='ltr'>sive</span> <span class='ocrx_word' id='word_1_25' title='bbox 909 861 1116 922; x_wconf 78' lang='lat' dir='ltr'>cedere,</span> <span class='ocrx_word' id='word_1_26' title='bbox 1148 858 1287 922; x_wconf 81' lang='lat' dir='ltr'>apud</span> <span class='ocrx_word' id='word_1_27' title='bbox 1325 859 1542 905; x_wconf 79' lang='lat' dir='ltr'><strong>Sextum</strong></span> 
     </span>
     <span class='ocr_line' id='line_1_7' title="bbox 485 933 1542 1002; baseline -0.009 -13"><span class='ocrx_word' id='word_1_28' title='bbox 485 939 793 1002; x_wconf 86' lang='lat' dir='ltr'>Pompeium</span> <span class='ocrx_word' id='word_1_29' title='bbox 838 943 894 987; x_wconf 90' lang='lat' dir='ltr'>et</span> <span class='ocrx_word' id='word_1_30' title='bbox 947 933 1542 1000; x_wconf 42' lang='lat' dir='ltr'>Nonium‘Marcellum.</span> 
     </span>
     <span class='ocr_line' id='line_1_8' title="bbox 487 1016 711 1065; baseline -0.018 0"><span class='ocrx_word' id='word_1_31' title='bbox 487 1016 711 1065; x_wconf 72' lang='lat' dir='ltr'>Pintian.</span> 
     </span>
    </p>

    <p class='ocr_par' dir='ltr' id='par_1_3' title="bbox 486 1084 1545 1536">
     <span class='ocr_line' id='line_1_9' title="bbox 556 1084 1540 1154; baseline -0.009 -13"><span class='ocrx_word' id='word_1_32' title='bbox 556 1091 809 1154; x_wconf 69' lang='lat' dir='ltr'>Lampadas</span> <span class='ocrx_word' id='word_1_33' title='bbox 829 1093 996 1139; x_wconf 77' lang='lat' dir='ltr'>vocant</span> <span class='ocrx_word' id='word_1_34' title='bbox 1010 1089 1150 1150; x_wconf 78' lang='lat' dir='ltr'>plane</span> <span class='ocrx_word' id='word_1_35' title='bbox 1158 1085 1322 1147; x_wconf 77' lang='lat' dir='ltr'>faces]</span> <span class='ocrx_word' id='word_1_36' title='bbox 1359 1084 1540 1134; x_wconf 82' lang='lat' dir='ltr'>Codex</span> 
     </span>
     <span class='ocr_line' id='line_1_10' title="bbox 488 1163 1543 1226; baseline -0.01 -8"><span class='ocrx_word' id='word_1_37' title='bbox 488 1166 907 1219; x_wconf 71' lang='lat' dir='ltr'>salmanticensis</span> <span class='ocrx_word' id='word_1_38' title='bbox 972 1164 1212 1226; x_wconf 82' lang='lat' dir='ltr'>lampadas</span> <span class='ocrx_word' id='word_1_39' title='bbox 1254 1163 1414 1223; x_wconf 82' lang='lat' dir='ltr'>legit:</span> <span class='ocrx_word' id='word_1_40' title='bbox 1484 1168 1543 1208; x_wconf 89' lang='lat' dir='ltr'>ut</span> 
     </span>
     <span class='ocr_line' id='line_1_11' title="bbox 486 1237 1542 1300; baseline -0.009 -7"><span class='ocrx_word' id='word_1_41' title='bbox 486 1243 623 1293; x_wconf 86' lang='lat' dir='ltr'>forte</span> <span class='ocrx_word' id='word_1_42' title='bbox 664 1240 997 1292; x_wconf 79' lang='lat' dir='ltr'>scribendum</span> <span class='ocrx_word' id='word_1_43' title='bbox 1032 1242 1117 1295; x_wconf 84' lang='lat' dir='ltr'>sit,</span> <span class='ocrx_word' id='word_1_44' title='bbox 1160 1237 1439 1300; x_wconf 79' lang='lat' dir='ltr'>lampadias,</span> <span class='ocrx_word' id='word_1_45' title='bbox 1482 1243 1542 1284; x_wconf 90' lang='lat' dir='ltr'>ut</span> 
     </span>
     <span class='ocr_line' id='line_1_12' title="bbox 488 1311 1545 1384; baseline -0.012 -14"><span class='ocrx_word' id='word_1_46' title='bbox 488 1336 647 1384; x_wconf 80' lang='lat' dir='ltr'>supra</span> <span class='ocrx_word' id='word_1_47' title='bbox 682 1327 913 1369; x_wconf 86' lang='lat' dir='ltr'>notatum</span> <span class='ocrx_word' id='word_1_48' title='bbox 954 1325 1068 1366; x_wconf 86' lang='lat' dir='ltr'>est:</span> <span class='ocrx_word' id='word_1_49' title='bbox 1104 1314 1202 1363; x_wconf 79' lang='lat' dir='ltr'>uisi</span> <span class='ocrx_word' id='word_1_50' title='bbox 1240 1312 1381 1361; x_wconf 85' lang='lat' dir='ltr'>forte</span> <span class='ocrx_word' id='word_1_51' title='bbox 1427 1311 1545 1374; x_wconf 87' lang='lat' dir='ltr'>quis&#39;</span> 
     </span>
     <span class='ocr_line' id='line_1_13' title="bbox 487 1389 1543 1452; baseline -0.012 -5"><span class='ocrx_word' id='word_1_52' title='bbox 487 1398 643 1452; x_wconf 85' lang='lat' dir='ltr'>dicat,</span> <span class='ocrx_word' id='word_1_53' title='bbox 687 1397 753 1445; x_wconf 87' lang='lat' dir='ltr'>ad</span> <span class='ocrx_word' id='word_1_54' title='bbox 800 1393 1146 1444; x_wconf 81' lang='lat' dir='ltr'>differentiam</span> <span class='ocrx_word' id='word_1_55' title='bbox 1186 1391 1299 1439; x_wconf 87' lang='lat' dir='ltr'>illas</span> <span class='ocrx_word' id='word_1_56' title='bbox 1344 1389 1543 1451; x_wconf 74' lang='lat' dir='ltr'>priores</span> 
     </span>
     <span class='ocr_line' id='line_1_14' title="bbox 486 1466 1544 1536; baseline -0.009 -15"><span class='ocrx_word' id='word_1_57' title='bbox 486 1472 760 1536; x_wconf 79' lang='lat' dir='ltr'>lampadias</span> <span class='ocrx_word' id='word_1_58' title='bbox 786 1472 952 1520; x_wconf 87' lang='lat' dir='ltr'>dictas</span> <span class='ocrx_word' id='word_1_59' title='bbox 984 1483 1118 1530; x_wconf 84' lang='lat' dir='ltr'>esse,</span> <span class='ocrx_word' id='word_1_60' title='bbox 1150 1467 1239 1515; x_wconf 82' lang='lat' dir='ltr'>has</span> <span class='ocrx_word' id='word_1_61' title='bbox 1271 1478 1394 1513; x_wconf 85' lang='lat' dir='ltr'>vero</span> <span class='ocrx_word' id='word_1_62' title='bbox 1429 1466 1544 1513; x_wconf 82' lang='lat' dir='ltr'>lam-</span> 
     </span>
    </p>
   </div>
   <div class='ocr_carea' id='block_1_3' title="bbox 484 1548 1548 1677">
    <p class='ocr_par' dir='ltr' id='par_1_4' title="bbox 484 1548 1548 1677">
     <span class='ocr_line' id='line_1_15' title="bbox 484 1548 856 1612; baseline -0.005 -15"><span class='ocrx_word' id='word_1_63' title='bbox 484 1550 652 1612; x_wconf 76' lang='lat' dir='ltr'>padas.</span> <span class='ocrx_word' id='word_1_64' title='bbox 688 1548 856 1596; x_wconf 83' lang='lat' dir='ltr'><strong>Idem.</strong></span> 
     </span>
     <span class='ocr_line' id='line_1_16' title="bbox 521 1618 1548 1677; baseline -0.011 -4"><span class='ocrx_word' id='word_1_65' title='bbox 521 1641 529 1651; x_wconf 88' lang='grc'><em>·</em></span> <span class='ocrx_word' id='word_1_66' title='bbox 555 1625 782 1672; x_wconf 78' lang='lat' dir='ltr'>Emicant</span> <span class='ocrx_word' id='word_1_67' title='bbox 800 1628 849 1672; x_wconf 83' lang='lat' dir='ltr'>et</span> <span class='ocrx_word' id='word_1_68' title='bbox 869 1620 1026 1669; x_wconf 82' lang='lat' dir='ltr'>trabes</span> <span class='ocrx_word' id='word_1_69' title='bbox 1058 1618 1205 1667; x_wconf 79' lang='lat' dir='ltr'>simili</span> <span class='ocrx_word' id='word_1_70' title='bbox 1241 1618 1391 1671; x_wconf 70' lang='lat' dir='ltr'>neoda,</span> <span class='ocrx_word' id='word_1_71' title='bbox 1429 1629 1548 1677; x_wconf 80' lang='lat' dir='ltr'>quas</span> 
     </span>
    </p>
   </div>
   <div class='ocr_carea' id='block_1_4' title="bbox 491 1691 1545 1761">
    <p class='ocr_par' dir='ltr' id='par_1_5' title="bbox 491 1691 1545 1761">
     <span class='ocr_line' id='line_1_17' title="bbox 491 1691 1545 1761; baseline -0.012 -11"><span class='ocrx_word' id='word_1_72' title='bbox 491 1702 652 1750; x_wconf 80' lang='lat' dir='ltr'>Docos</span> <span class='ocrx_word' id='word_1_73' title='bbox 675 1699 865 1761; x_wconf 79' lang='lat' dir='ltr'>vocant]</span> <span class='ocrx_word' id='word_1_74' title='bbox 902 1698 1139 1758; x_wconf 88' lang='lat' dir='ltr'>Utraque</span> <span class='ocrx_word' id='word_1_75' title='bbox 1167 1694 1366 1756; x_wconf 86' lang='lat' dir='ltr'>scripta</span> <span class='ocrx_word' id='word_1_76' title='bbox 1389 1691 1545 1739; x_wconf 76' lang='lat' dir='ltr'>lectio</span> 
     </span>
    </p>
   </div>
   <div class='ocr_carea' id='block_1_5' title="bbox 489 1772 1547 1840">
    <p class='ocr_par' dir='ltr' id='par_1_6' title="bbox 489 1771 1610 1840">
     <span class='ocr_line' id='line_1_18' title="bbox 489 1772 1547 1840; baseline -0.012 -13"><span class='ocrx_word' id='word_1_77' title='bbox 489 1781 630 1827; x_wconf 71' lang='lat' dir='ltr'>doctis</span> <span class='ocrx_word' id='word_1_78' title='bbox 660 1778 805 1840; x_wconf 80' lang='lat' dir='ltr'>legit,</span> <span class='ocrx_word' id='word_1_79' title='bbox 826 1788 927 1823; x_wconf 87' lang='lat' dir='ltr'>non</span> <span class='ocrx_word' id='word_1_80' title='bbox 950 1775 1106 1832; x_wconf 82' lang='lat' dir='ltr'>docos,</span> <span class='ocrx_word' id='word_1_81' title='bbox 1125 1772 1317 1821; x_wconf 84' lang='lat' dir='ltr'>Graeca</span> <span class='ocrx_word' id='word_1_82' title='bbox 1334 1781 1547 1817; x_wconf 82' lang='lat' dir='ltr'>accusa·</span> 
     </span>
    </p>
   </div>
   <div class='ocr_carea' id='block_1_6' title="bbox 490 1849 1552 2139">
    <p class='ocr_par' dir='ltr' id='par_1_7' title="bbox 492 1849 1171 1903">
     <span class='ocr_line' id='line_1_19' title="bbox 492 1849 1171 1903; baseline -0.009 0"><span class='ocrx_word' id='word_1_83' title='bbox 492 1855 585 1903; x_wconf 87' lang='lat' dir='ltr'>tivi</span> <span class='ocrx_word' id='word_1_84' title='bbox 608 1850 985 1902; x_wconf 73' lang='lat' dir='ltr'>terminatione.</span> <span class='ocrx_word' id='word_1_85' title='bbox 1020 1849 1171 1897; x_wconf 82' lang='lat' dir='ltr'>Idem.</span> 
     </span>
    </p>

    <p class='ocr_par' dir='ltr' id='par_1_8' title="bbox 490 1922 1552 2139">
     <span class='ocr_line' id='line_1_20' title="bbox 503 1922 1549 1990; baseline -0.005 -16"><span class='ocrx_word' id='word_1_86' title='bbox 503 1945 528 1974; x_wconf 88' lang='lat'>.·</span> <span class='ocrx_word' id='word_1_87' title='bbox 558 1928 783 1990; x_wconf 76' lang='lat' dir='ltr'>Chasma]</span> <span class='ocrx_word' id='word_1_88' title='bbox 822 1928 914 1975; x_wconf 85' lang='lat' dir='ltr'>Est</span> <span class='ocrx_word' id='word_1_89' title='bbox 939 1932 994 1974; x_wconf 91' lang='lat' dir='ltr'>et</span> <span class='ocrx_word' id='word_1_90' title='bbox 1016 1926 1221 1973; x_wconf 79' lang='lat' dir='ltr'><strong>chasma</strong></span> <span class='ocrx_word' id='word_1_91' title='bbox 1246 1928 1385 1971; x_wconf 87' lang='lat' dir='ltr'>terra</span> <span class='ocrx_word' id='word_1_92' title='bbox 1410 1922 1549 1970; x_wconf 79' lang='grc' dir='ltr'><strong>αὖτο-</strong></span> 
     </span>
     <span class='ocr_line' id='line_1_21' title="bbox 490 1997 1547 2065; baseline -0.009 -11"><span class='ocrx_word' id='word_1_93' title='bbox 490 2003 650 2065; x_wconf 75' lang='grc' dir='ltr'><strong><em>μάτως</em></strong></span> <span class='ocrx_word' id='word_1_94' title='bbox 670 2001 974 2052; x_wconf 82' lang='lat' dir='ltr'><strong>discedente</strong></span> <span class='ocrx_word' id='word_1_95' title='bbox 999 2014 1058 2048; x_wconf 86' lang='lat' dir='ltr'>ac</span> <span class='ocrx_word' id='word_1_96' title='bbox 1085 1997 1353 2061; x_wconf 81' lang='lat' dir='ltr'>patefacta</span> <span class='ocrx_word' id='word_1_97' title='bbox 1373 1997 1547 2046; x_wconf 82' lang='lat' dir='ltr'>factus</span> 
     </span>
     <span class='ocr_line' id='line_1_22' title="bbox 492 2074 1552 2139; baseline -0.007 -10"><span class='ocrx_word' id='word_1_98' title='bbox 492 2080 661 2130; x_wconf 79' lang='lat' dir='ltr'>hiatus</span> <span class='ocrx_word' id='word_1_99' title='bbox 690 2086 745 2127; x_wconf 88' lang='lat' dir='ltr'>et</span> <span class='ocrx_word' id='word_1_100' title='bbox 770 2091 976 2139; x_wconf 80' lang='lat' dir='ltr'>vorago.</span> <span class='ocrx_word' id='word_1_101' title='bbox 1041 2077 1263 2124; x_wconf 84' lang='lat' dir='ltr'>Severus</span> <span class='ocrx_word' id='word_1_102' title='bbox 1302 2074 1353 2122; x_wconf 88' lang='lat' dir='ltr'>iu</span> <span class='ocrx_word' id='word_1_103' title='bbox 1396 2074 1552 2122; x_wconf 85' lang='lat' dir='ltr'>AEtna</span> 
     </span>
    </p>
   </div>
   <div class='ocr_carea' id='block_1_7' title="bbox 1175 404 1980 463">
    <p class='ocr_par' dir='ltr' id='par_1_9' title="bbox 1175 404 1980 463">
     <span class='ocr_line' id='line_1_23' title="bbox 1175 404 1980 463; baseline -0.015 0"><span class='ocrx_word' id='word_1_104' title='bbox 1175 412 1388 463; x_wconf 75' lang='lat' dir='ltr'>No&#39;l&#39;AE</span> <span class='ocrx_word' id='word_1_105' title='bbox 1439 406 1847 458; x_wconf 78' lang='lat' dir='ltr'><strong>VARIORUM</strong></span> <span class='ocrx_word' id='word_1_106' title='bbox 1898 404 1980 452; x_wconf 80' lang='lat' dir='ltr'>IN</span> 
     </span>
    </p>
   </div>
   <div class='ocr_carea' id='block_1_8' title="bbox 1617 542 2688 2125">
    <p class='ocr_par' dir='ltr' id='par_1_10' title="bbox 1618 542 2680 831">
     <span class='ocr_line' id='line_1_24' title="bbox 1618 542 2680 611; baseline -0.008 -12"><span class='ocrx_word' id='word_1_107' title='bbox 1618 551 1761 599; x_wconf 87' lang='lat' dir='ltr'>velut</span> <span class='ocrx_word' id='word_1_108' title='bbox 1776 543 2068 611; x_wconf 80' lang='lat' dir='ltr'>speculum,</span> <span class='ocrx_word' id='word_1_109' title='bbox 2087 545 2284 594; x_wconf 73' lang='grc' dir='ltr'>εἴδωλον</span> <span class='ocrx_word' id='word_1_110' title='bbox 2304 557 2396 594; x_wconf 86' lang='lat' dir='ltr'>sen</span> <span class='ocrx_word' id='word_1_111' title='bbox 2421 542 2680 604; x_wconf 72' lang='lat' dir='ltr'>imaginem</span> 
     </span>
     <span class='ocr_line' id='line_1_25' title="bbox 1618 619 2678 685; baseline -0.009 -11"><span class='ocrx_word' id='word_1_112' title='bbox 1618 626 1746 674; x_wconf 88' lang='lat' dir='ltr'>Solis</span> <span class='ocrx_word' id='word_1_113' title='bbox 1767 624 1953 685; x_wconf 82' lang='lat' dir='ltr'>recipit</span> <span class='ocrx_word' id='word_1_114' title='bbox 1978 630 2133 685; x_wconf 82' lang='lat' dir='ltr'>atque</span> <span class='ocrx_word' id='word_1_115' title='bbox 2157 619 2425 682; x_wconf 81' lang='lat' dir='ltr'>exprimit.</span> <span class='ocrx_word' id='word_1_116' title='bbox 2492 619 2678 666; x_wconf 78' lang='lat' dir='ltr'>Exem-</span> 
     </span>
     <span class='ocr_line' id='line_1_26' title="bbox 1619 694 2680 763; baseline -0.008 -14"><span class='ocrx_word' id='word_1_117' title='bbox 1619 704 1706 763; x_wconf 91' lang='lat' dir='ltr'>pla</span> <span class='ocrx_word' id='word_1_118' title='bbox 1723 702 1916 763; x_wconf 82' lang='lat' dir='ltr'>aliquot</span> <span class='ocrx_word' id='word_1_119' title='bbox 1940 703 2175 745; x_wconf 81' lang='lat' dir='ltr'>recenset</span> <span class='ocrx_word' id='word_1_120' title='bbox 2199 697 2354 745; x_wconf 88' lang='lat' dir='ltr'>Corn.</span> <span class='ocrx_word' id='word_1_121' title='bbox 2379 694 2539 743; x_wconf 81' lang='lat' dir='ltr'>Gem.</span> <span class='ocrx_word' id='word_1_122' title='bbox 2561 694 2680 742; x_wconf 83' lang='lat' dir='ltr'>Cos·</span> 
     </span>
     <span class='ocr_line' id='line_1_27' title="bbox 1618 774 2144 831; baseline -0.015 -6"><span class='ocrx_word' id='word_1_123' title='bbox 1618 777 1820 831; x_wconf 73' lang='lat' dir='ltr'>moen-it.</span> <span class='ocrx_word' id='word_1_124' title='bbox 1845 789 1883 823; x_wconf 90' lang='grc' dir='ltr'>ι.</span> <span class='ocrx_word' id='word_1_125' title='bbox 1908 778 1956 823; x_wconf 85' lang='grc'>8.</span> <span class='ocrx_word' id='word_1_126' title='bbox 1993 774 2144 822; x_wconf 77' lang='lat' dir='ltr'>Idem.</span> 
     </span>
    </p>

    <p class='ocr_par' dir='ltr' id='par_1_11' title="bbox 1617 842 2683 1279">
     <span class='ocr_line' id='line_1_28' title="bbox 1650 842 2681 908; baseline -0.012 -7"><span class='ocrx_word' id='word_1_127' title='bbox 1650 891 1655 896; x_wconf 96' lang='lat'>.</span> <span class='ocrx_word' id='word_1_128' title='bbox 1683 852 1837 900; x_wconf 80' lang='lat' dir='ltr'>Semel</span> <span class='ocrx_word' id='word_1_129' title='bbox 1859 845 2149 908; x_wconf 71' lang='lat' dir='ltr'>ira-meridie]</span> <span class='ocrx_word' id='word_1_130' title='bbox 2179 846 2351 894; x_wconf 85' lang='lat' dir='ltr'>Vetus</span> <span class='ocrx_word' id='word_1_131' title='bbox 2381 842 2566 902; x_wconf 80' lang='lat' dir='ltr'>lectio,</span> <span class='ocrx_word' id='word_1_132' title='bbox 2596 842 2681 890; x_wconf 81' lang='lat' dir='ltr'>Se-</span> 
     </span>
     <span class='ocr_line' id='line_1_29' title="bbox 1617 920 2683 984; baseline -0.01 -11"><span class='ocrx_word' id='word_1_133' title='bbox 1617 929 1710 973; x_wconf 87' lang='lat' dir='ltr'>mel</span> <span class='ocrx_word' id='word_1_134' title='bbox 1732 931 1781 973; x_wconf 79' lang='lat' dir='ltr'>et</span> <span class='ocrx_word' id='word_1_135' title='bbox 1817 924 2029 972; x_wconf 76' lang='lat' dir='ltr'>meridie.</span> <span class='ocrx_word' id='word_1_136' title='bbox 2098 920 2438 980; x_wconf 84' lang='lat' dir='ltr'>Exemplaria</span> <span class='ocrx_word' id='word_1_137' title='bbox 2465 931 2683 984; x_wconf 83' lang='lat' dir='ltr'>consen-</span> 
     </span>
     <span class='ocr_line' id='line_1_30' title="bbox 1618 989 2682 1060; baseline -0.01 -11"><span class='ocrx_word' id='word_1_138' title='bbox 1618 989 1805 1049; x_wconf 76' lang='lat' dir='ltr'>tiunt-⁷</span> <span class='ocrx_word' id='word_1_139' title='bbox 1837 1001 1965 1047; x_wconf 84' lang='lat' dir='ltr'>Mox</span> <span class='ocrx_word' id='word_1_140' title='bbox 1988 1001 2109 1060; x_wconf 74' lang='lat' dir='ltr'>po‘st</span> <span class='ocrx_word' id='word_1_141' title='bbox 2141 996 2344 1058; x_wconf 83' lang='lat' dir='ltr'>singula</span> <span class='ocrx_word' id='word_1_142' title='bbox 2378 993 2527 1054; x_wconf 85' lang='lat' dir='ltr'>paria</span> <span class='ocrx_word' id='word_1_143' title='bbox 2552 992 2682 1041; x_wconf 87' lang='lat' dir='ltr'>Con-</span> 
     </span>
     <span class='ocr_line' id='line_1_31' title="bbox 1618 1069 2680 1137; baseline -0.009 -13"><span class='ocrx_word' id='word_1_144' title='bbox 1618 1076 1785 1125; x_wconf 82' lang='lat' dir='ltr'>sulum</span> <span class='ocrx_word' id='word_1_145' title='bbox 1811 1071 2096 1137; x_wconf 85' lang='lat' dir='ltr'>adjecimus</span> <span class='ocrx_word' id='word_1_146' title='bbox 2120 1069 2567 1132; x_wconf 85' lang='lat' dir='ltr'>conjunctionem,</span> <span class='ocrx_word' id='word_1_147' title='bbox 2583 1080 2680 1131; x_wconf 89' lang='lat' dir='ltr'>quo</span> 
     </span>
     <span class='ocr_line' id='line_1_32' title="bbox 1618 1146 2681 1220; baseline -0.008 -20"><span class='ocrx_word' id='word_1_148' title='bbox 1618 1151 1907 1200; x_wconf 79' lang='lat' dir='ltr'>evidentius</span> <span class='ocrx_word' id='word_1_149' title='bbox 1931 1149 2051 1220; x_wconf 61' lang='lat' dir='ltr'>agini</span> <span class='ocrx_word' id='word_1_150' title='bbox 2085 1147 2154 1196; x_wconf 86' lang='lat' dir='ltr'>ab</span> <span class='ocrx_word' id='word_1_151' title='bbox 2186 1146 2410 1195; x_wconf 88' lang='lat' dir='ltr'>invicem</span> <span class='ocrx_word' id='word_1_152' title='bbox 2443 1157 2681 1193; x_wconf 84' lang='lat' dir='ltr'>secerne·</span> 
     </span>
     <span class='ocr_line' id='line_1_33' title="bbox 1619 1229 2253 1279; baseline -0.011 -1"><span class='ocrx_word' id='word_1_153' title='bbox 1619 1237 1813 1279; x_wconf 84' lang='lat' dir='ltr'>rentur.</span> <span class='ocrx_word' id='word_1_154' title='bbox 1853 1230 2016 1277; x_wconf 81' lang='lat' dir='ltr'>Gelen.</span> <span class='ocrx_word' id='word_1_155' title='bbox 2247 1229 2253 1233; x_wconf 73' lang='grc'><strong><em>’</em></strong></span> 
     </span>
    </p>

    <p class='ocr_par' dir='ltr' id='par_1_12' title="bbox 1620 1300 2688 2125">
     <span class='ocr_line' id='line_1_34' title="bbox 1764 1300 2547 1354; baseline -0.013 0"><span class='ocrx_word' id='word_1_156' title='bbox 1764 1306 1899 1354; x_wconf 55' lang='lat' dir='ltr'>cap.</span> <span class='ocrx_word' id='word_1_157' title='bbox 1924 1314 2115 1352; x_wconf 80' lang='lat' dir='ltr'>xxxn.</span> <span class='ocrx_word' id='word_1_158' title='bbox 2172 1302 2343 1350; x_wconf 79' lang='lat' dir='ltr'>Plures</span> <span class='ocrx_word' id='word_1_159' title='bbox 2362 1300 2547 1347; x_wconf 60' lang='lat' dir='ltr'>Luna.</span> 
     </span>
     <span class='ocr_line' id='line_1_35' title="bbox 1682 1370 2682 1442; baseline -0.01 -13"><span class='ocrx_word' id='word_1_160' title='bbox 1682 1382 1832 1430; x_wconf 78' lang='lat' dir='ltr'>Lunoe</span> <span class='ocrx_word' id='word_1_161' title='bbox 1854 1393 2030 1442; x_wconf 79' lang='lat' dir='ltr'>quoque</span> <span class='ocrx_word' id='word_1_162' title='bbox 2052 1377 2215 1441; x_wconf 69' lang='lat' dir='ltr'>trine]</span> <span class='ocrx_word' id='word_1_163' title='bbox 2263 1372 2585 1437; x_wconf 72' lang='grc' dir='ltr'><strong><em>Παρασελήνη</em></strong></span> <span class='ocrx_word' id='word_1_164' title='bbox 2607 1370 2682 1420; x_wconf 89' lang='lat' dir='ltr'>di·</span> 
     </span>
     <span class='ocr_line' id='line_1_36' title="bbox 1621 1452 2684 1520; baseline -0.01 -14"><span class='ocrx_word' id='word_1_165' title='bbox 1621 1459 1775 1520; x_wconf 85' lang='lat' dir='ltr'>citur,</span> <span class='ocrx_word' id='word_1_166' title='bbox 1796 1465 1850 1505; x_wconf 90' lang='lat' dir='ltr'>et</span> <span class='ocrx_word' id='word_1_167' title='bbox 1874 1455 2090 1503; x_wconf 81' lang='lat' dir='ltr'>eandem</span> <span class='ocrx_word' id='word_1_168' title='bbox 2113 1452 2269 1501; x_wconf 76' lang='lat' dir='ltr'>habet</span> <span class='ocrx_word' id='word_1_169' title='bbox 2287 1465 2503 1500; x_wconf 74' lang='lat' dir='ltr'>causam</span> <span class='ocrx_word' id='word_1_170' title='bbox 2523 1455 2684 1496; x_wconf 79' lang='lat' dir='ltr'>mate·</span> 
     </span>
     <span class='ocr_line' id='line_1_37' title="bbox 1620 1523 2682 1592; baseline -0.011 -11"><span class='ocrx_word' id='word_1_171' title='bbox 1620 1534 1800 1582; x_wconf 89' lang='lat' dir='ltr'>rialem</span> <span class='ocrx_word' id='word_1_172' title='bbox 1826 1539 1882 1581; x_wconf 91' lang='lat' dir='ltr'>et</span> <span class='ocrx_word' id='word_1_173' title='bbox 1903 1529 2231 1591; x_wconf 81' lang='lat' dir='ltr'>efficientem,</span> <span class='ocrx_word' id='word_1_174' title='bbox 2251 1543 2405 1592; x_wconf 88' lang='lat' dir='ltr'>quam</span> <span class='ocrx_word' id='word_1_175' title='bbox 2436 1523 2682 1590; x_wconf 80' lang='lat' dir='ltr'>parelius.</span> 
     </span>
     <span class='ocr_line' id='line_1_38' title="bbox 1620 1610 2685 1659; baseline -0.012 0"><span class='ocrx_word' id='word_1_176' title='bbox 1620 1610 1793 1659; x_wconf 79' lang='lat' dir='ltr'>Dalec.</span> <span class='ocrx_word' id='word_1_177' title='bbox 2681 1621 2685 1626; x_wconf 94' lang='lat'><em>·</em></span> 
     </span>
     <span class='ocr_line' id='line_1_39' title="bbox 1702 1680 2604 1734; baseline -0.011 0"><span class='ocrx_word' id='word_1_178' title='bbox 1702 1686 1836 1734; x_wconf 62' lang='lat' dir='ltr'>cu.</span> <span class='ocrx_word' id='word_1_179' title='bbox 1862 1697 2068 1733; x_wconf 72' lang='lat' dir='ltr'>xxxin.</span> <span class='ocrx_word' id='word_1_180' title='bbox 2115 1680 2320 1730; x_wconf 70' lang='lat' dir='ltr'>Hierum</span> <span class='ocrx_word' id='word_1_181' title='bbox 2342 1681 2431 1728; x_wconf 76' lang='lat' dir='ltr'>lux</span> <span class='ocrx_word' id='word_1_182' title='bbox 2448 1683 2604 1726; x_wconf 70' lang='lat' dir='ltr'>nocte.</span> 
     </span>
     <span class='ocr_line' id='line_1_40' title="bbox 1685 1750 2682 1814; baseline -0.011 -5"><span class='ocrx_word' id='word_1_183' title='bbox 1685 1762 1866 1810; x_wconf 81' lang='lat' dir='ltr'>Lumen</span> <span class='ocrx_word' id='word_1_184' title='bbox 1885 1761 1944 1808; x_wconf 77' lang='lat' dir='ltr'>de</span> <span class='ocrx_word' id='word_1_185' title='bbox 1978 1759 2091 1807; x_wconf 81' lang='lat' dir='ltr'>coelo</span> <span class='ocrx_word' id='word_1_186' title='bbox 2122 1762 2263 1805; x_wconf 74' lang='lat' dir='ltr'>noctu</span> <span class='ocrx_word' id='word_1_187' title='bbox 2303 1752 2486 1814; x_wconf 75' lang='lat' dir='ltr'>visum]</span> <span class='ocrx_word' id='word_1_188' title='bbox 2535 1750 2682 1801; x_wconf 86' lang='lat' dir='ltr'>Nihil</span> 
     </span>
     <span class='ocr_line' id='line_1_41' title="bbox 1624 1828 2687 1900; baseline -0.011 -14"><span class='ocrx_word' id='word_1_189' title='bbox 1624 1836 1760 1886; x_wconf 80' lang='lat' dir='ltr'>aliud</span> <span class='ocrx_word' id='word_1_190' title='bbox 1790 1842 1869 1886; x_wconf 80' lang='lat' dir='ltr'>cst</span> <span class='ocrx_word' id='word_1_191' title='bbox 1891 1850 2044 1900; x_wconf 88' lang='lat' dir='ltr'>quam</span> <span class='ocrx_word' id='word_1_192' title='bbox 2067 1834 2275 1883; x_wconf 79' lang='lat' dir='ltr'><strong>chasma</strong></span> <span class='ocrx_word' id='word_1_193' title='bbox 2311 1828 2687 1894; x_wconf 82' lang='lat' dir='ltr'>supradictum.</span> 
     </span>
     <span class='ocr_line' id='line_1_42' title="bbox 1624 1913 2685 1961; baseline -0.008 -1"><span class='ocrx_word' id='word_1_194' title='bbox 1624 1913 1774 1961; x_wconf 81' lang='lat' dir='ltr'>Idem.</span> <span class='ocrx_word' id='word_1_195' title='bbox 2680 1927 2685 1932; x_wconf 97' lang='lat'>·</span> 
     </span>
     <span class='ocr_line' id='line_1_43' title="bbox 1753 1982 2543 2036; baseline -0.009 1"><span class='ocrx_word' id='word_1_196' title='bbox 1753 1988 1888 2036; x_wconf 74' lang='lat' dir='ltr'>CsP.</span> <span class='ocrx_word' id='word_1_197' title='bbox 1913 1999 2091 2035; x_wconf 83' lang='lat' dir='ltr'>xxxv.</span> <span class='ocrx_word' id='word_1_198' title='bbox 2145 1985 2396 2033; x_wconf 69' lang='lat' dir='ltr'>Ostentum</span> <span class='ocrx_word' id='word_1_199' title='bbox 2414 1982 2543 2032; x_wconf 72' lang='lat' dir='ltr'>coels‘.</span> 
     </span>
     <span class='ocr_line' id='line_1_44' title="bbox 1695 2057 2688 2125; baseline -0.008 -14"><span class='ocrx_word' id='word_1_200' title='bbox 1695 2064 1946 2125; x_wconf 73' lang='lat' dir='ltr'>Postquam</span> <span class='ocrx_word' id='word_1_201' title='bbox 1998 2062 2050 2109; x_wconf 76' lang='lat' dir='ltr'>in</span> <span class='ocrx_word' id='word_1_202' title='bbox 2101 2061 2254 2109; x_wconf 70' lang='lat' dir='ltr'>Luna</span> <span class='ocrx_word' id='word_1_203' title='bbox 2302 2057 2688 2121; x_wconf 64' lang='lat' dir='ltr'>magnitudinem</span> 
     </span>
    </p>
   </div>
   <div class='ocr_carea' id='block_1_9' title="bbox 494 2133 2689 2205">
    <p class='ocr_par' dir='ltr' id='par_1_13' title="bbox 494 2133 2689 2205">
     <span class='ocr_line' id='line_1_45' title="bbox 494 2133 2689 2205; baseline -0.008 0"><span class='ocrx_word' id='word_1_204' title='bbox 494 2164 649 2205; x_wconf 84' lang='lat' dir='ltr'>vocat</span> <span class='ocrx_word' id='word_1_205' title='bbox 684 2157 886 2205; x_wconf 80' lang='lat' dir='ltr'>charos.</span> <span class='ocrx_word' id='word_1_206' title='bbox 951 2153 1015 2202; x_wconf 89' lang='lat' dir='ltr'>Id</span> <span class='ocrx_word' id='word_1_207' title='bbox 1048 2167 1163 2201; x_wconf 90' lang='lat' dir='ltr'>cum</span> <span class='ocrx_word' id='word_1_208' title='bbox 1203 2151 1376 2199; x_wconf 88' lang='lat' dir='ltr'>subito</span> <span class='ocrx_word' id='word_1_209' title='bbox 1414 2151 1550 2199; x_wconf 87' lang='lat' dir='ltr'>acci·</span> <span class='ocrx_word' id='word_1_210' title='bbox 1609 2139 1752 2197; x_wconf 58' lang='lat' dir='ltr'>facta</span> <span class='ocrx_word' id='word_1_211' title='bbox 1767 2138 1864 2199; x_wconf 65' lang='lat'>⁸5²]</span> <span class='ocrx_word' id='word_1_212' title='bbox 1897 2137 1984 2186; x_wconf 64' lang='lat' dir='ltr'>Sic</span> <span class='ocrx_word' id='word_1_213' title='bbox 2018 2136 2223 2197; x_wconf 64' lang='grc' dir='ltr'>ΕῙῙΗΘΕ·</span> <span class='ocrx_word' id='word_1_214' title='bbox 2248 2133 2342 2183; x_wconf 69' lang='lat'>⁸0¹¹</span> <span class='ocrx_word' id='word_1_215' title='bbox 2380 2133 2559 2189; x_wconf 61' lang='lat' dir='ltr'>miror,</span> <span class='ocrx_word' id='word_1_216' title='bbox 2594 2145 2689 2179; x_wconf 73' lang='lat'><strong>0¹¹¹·</strong></span> 
     </span>
    </p>
   </div>
   <div class='ocr_carea' id='block_1_10' title="bbox 421 2227 1557 4335">
    <p class='ocr_par' dir='ltr' id='par_1_14' title="bbox 421 2227 1557 2671">
     <span class='ocr_line' id='line_1_46' title="bbox 497 2227 1547 2294; baseline -0.007 -14"><span class='ocrx_word' id='word_1_217' title='bbox 497 2233 664 2294; x_wconf 79' lang='lat' dir='ltr'>deret,</span> <span class='ocrx_word' id='word_1_218' title='bbox 689 2229 969 2279; x_wconf 85' lang='lat' dir='ltr'>inferorum</span> <span class='ocrx_word' id='word_1_219' title='bbox 992 2235 1043 2276; x_wconf 88' lang='lat' dir='ltr'>et</span> <span class='ocrx_word' id='word_1_220' title='bbox 1065 2229 1295 2276; x_wconf 88' lang='lat' dir='ltr'>Deorum</span> <span class='ocrx_word' id='word_1_221' title='bbox 1320 2227 1547 2275; x_wconf 68' lang='lat' dir='ltr'>uranium</span> 
     </span>
     <span class='ocr_line' id='line_1_47' title="bbox 495 2303 1555 2367; baseline -0.009 -9"><span class='ocrx_word' id='word_1_222' title='bbox 495 2307 717 2358; x_wconf 83' lang='lat' dir='ltr'>Romani</span> <span class='ocrx_word' id='word_1_223' title='bbox 745 2316 949 2355; x_wconf 82' lang='lat' dir='ltr'>veteres</span> <span class='ocrx_word' id='word_1_224' title='bbox 968 2303 1321 2367; x_wconf 84' lang='lat' dir='ltr'>appellarunt,</span> <span class='ocrx_word' id='word_1_225' title='bbox 1339 2311 1555 2364; x_wconf 77' lang='lat' dir='ltr'>quomo-‘</span> 
     </span>
     <span class='ocr_line' id='line_1_48' title="bbox 495 2376 1550 2446; baseline -0.008 -13"><span class='ocrx_word' id='word_1_226' title='bbox 495 2384 563 2434; x_wconf 81' lang='lat' dir='ltr'>do</span> <span class='ocrx_word' id='word_1_227' title='bbox 587 2384 763 2434; x_wconf 80' lang='lat' dir='ltr'>Graeci</span> <span class='ocrx_word' id='word_1_228' title='bbox 785 2381 1006 2446; x_wconf 75' lang='grc' dir='ltr'><strong>χαρῶνια.</strong></span> <span class='ocrx_word' id='word_1_229' title='bbox 1056 2381 1319 2429; x_wconf 82' lang='lat' dir='ltr'>Caeterum</span> <span class='ocrx_word' id='word_1_230' title='bbox 1343 2376 1409 2426; x_wconf 90' lang='lat' dir='ltr'>de</span> <span class='ocrx_word' id='word_1_231' title='bbox 1431 2377 1550 2426; x_wconf 86' lang='lat' dir='ltr'>coeli</span> 
     </span>
     <span class='ocr_line' id='line_1_49' title="bbox 497 2456 1548 2523; baseline -0.006 -14"><span class='ocrx_word' id='word_1_232' title='bbox 497 2460 770 2510; x_wconf 71' lang='lat' dir='ltr'>chasmatis</span> <span class='ocrx_word' id='word_1_233' title='bbox 805 2460 1010 2523; x_wconf 81' lang='lat' dir='ltr'>legatur</span> <span class='ocrx_word' id='word_1_234' title='bbox 1044 2458 1202 2506; x_wconf 87' lang='lat' dir='ltr'>Corn.</span> <span class='ocrx_word' id='word_1_235' title='bbox 1237 2456 1387 2504; x_wconf 88' lang='lat' dir='ltr'>Gem.</span> <span class='ocrx_word' id='word_1_236' title='bbox 1422 2457 1548 2504; x_wconf 86' lang='lat' dir='ltr'>Cos·-</span> 
     </span>
     <span class='ocr_line' id='line_1_50' title="bbox 421 2529 1557 2593; baseline -0.008 -7"><span class='ocrx_word' id='word_1_237' title='bbox 421 2559 424 2564; x_wconf 89' lang='lat'>·</span> <span class='ocrx_word' id='word_1_238' title='bbox 498 2537 699 2585; x_wconf 87' lang='lat' dir='ltr'>mocrit.</span> <span class='ocrx_word' id='word_1_239' title='bbox 731 2549 769 2583; x_wconf 87' lang='lat'>1.</span> <span class='ocrx_word' id='word_1_240' title='bbox 803 2540 853 2583; x_wconf 82' lang='lat'>6.</span> <span class='ocrx_word' id='word_1_241' title='bbox 888 2540 942 2583; x_wconf 90' lang='lat' dir='ltr'>et</span> <span class='ocrx_word' id='word_1_242' title='bbox 967 2546 1030 2582; x_wconf 87' lang='lat'>11.</span> <span class='ocrx_word' id='word_1_243' title='bbox 1055 2537 1109 2580; x_wconf 73' lang='lat'>2.</span> <span class='ocrx_word' id='word_1_244' title='bbox 1139 2529 1228 2580; x_wconf 89' lang='lat' dir='ltr'>ubi</span> <span class='ocrx_word' id='word_1_245' title='bbox 1260 2536 1315 2579; x_wconf 89' lang='lat' dir='ltr'>et</span> <span class='ocrx_word' id='word_1_246' title='bbox 1352 2529 1557 2593; x_wconf 84' lang='lat' dir='ltr'>effigies</span> 
     </span>
     <span class='ocr_line' id='line_1_51' title="bbox 498 2606 1260 2671; baseline -0.009 -11"><span class='ocrx_word' id='word_1_247' title='bbox 498 2611 778 2661; x_wconf 87' lang='lat' dir='ltr'>eorundem</span> <span class='ocrx_word' id='word_1_248' title='bbox 800 2608 1058 2671; x_wconf 83' lang='lat' dir='ltr'>depingit.</span> <span class='ocrx_word' id='word_1_249' title='bbox 1092 2606 1260 2654; x_wconf 78' lang='lat' dir='ltr'>Dalec.</span> 
     </span>
    </p>

    <p class='ocr_par' dir='ltr' id='par_1_15' title="bbox 573 2680 1452 2753">
     <span class='ocr_line' id='line_1_52' title="bbox 573 2680 1452 2753; baseline -0.01 -17"><span class='ocrx_word' id='word_1_250' title='bbox 573 2688 724 2753; x_wconf 35' lang='lat' dir='ltr'>‘CAR</span> <span class='ocrx_word' id='word_1_251' title='bbox 751 2697 931 2734; x_wconf 83' lang='lat' dir='ltr'>xxvn.</span> <span class='ocrx_word' id='word_1_252' title='bbox 985 2684 1063 2731; x_wconf 84' lang='lat' dir='ltr'>De</span> <span class='ocrx_word' id='word_1_253' title='bbox 1085 2683 1189 2730; x_wconf 78' lang='lat' dir='ltr'>coeli</span> <span class='ocrx_word' id='word_1_254' title='bbox 1211 2680 1452 2729; x_wconf 57' lang='lat' dir='ltr'>coloribus.</span> 
     </span>
    </p>

    <p class='ocr_par' dir='ltr' id='par_1_16' title="bbox 423 2756 1553 3038">
     <span class='ocr_line' id='line_1_53' title="bbox 529 2756 1551 2821; baseline -0.007 -12"><span class='ocrx_word' id='word_1_255' title='bbox 529 2763 532 2766; x_wconf 75' lang='grc'><em>’</em></span> <span class='ocrx_word' id='word_1_256' title='bbox 560 2759 859 2821; x_wconf 77' lang='lat' dir='ltr'>Incendium]</span> <span class='ocrx_word' id='word_1_257' title='bbox 895 2758 1223 2805; x_wconf 60' lang='lat' dir='ltr'>chrismatum</span> <span class='ocrx_word' id='word_1_258' title='bbox 1248 2756 1445 2818; x_wconf 82' lang='lat' dir='ltr'>proprii</span> <span class='ocrx_word' id='word_1_259' title='bbox 1467 2769 1551 2803; x_wconf 89' lang='lat' dir='ltr'>co-</span> 
     </span>
     <span class='ocr_line' id='line_1_54' title="bbox 423 2830 1553 2897; baseline -0.007 -7"><span class='ocrx_word' id='word_1_260' title='bbox 423 2882 434 2890; x_wconf 92' lang='lat'>.</span> <span class='ocrx_word' id='word_1_261' title='bbox 498 2839 633 2886; x_wconf 86' lang='lat' dir='ltr'>iores</span> <span class='ocrx_word' id='word_1_262' title='bbox 655 2841 774 2884; x_wconf 76' lang='lat' dir='ltr'>sum</span> <span class='ocrx_word' id='word_1_263' title='bbox 788 2833 1039 2897; x_wconf 87' lang='lat' dir='ltr'>puniceus</span> <span class='ocrx_word' id='word_1_264' title='bbox 1060 2839 1114 2879; x_wconf 89' lang='lat' dir='ltr'>et</span> <span class='ocrx_word' id='word_1_265' title='bbox 1139 2845 1445 2894; x_wconf 87' lang='lat' dir='ltr'>purpureus.</span> <span class='ocrx_word' id='word_1_266' title='bbox 1478 2830 1553 2882; x_wconf 90' lang='lat' dir='ltr'>A·</span> 
     </span>
     <span class='ocr_line' id='line_1_55' title="bbox 499 2907 1552 2971; baseline -0.009 -8"><span class='ocrx_word' id='word_1_267' title='bbox 499 2915 670 2963; x_wconf 81' lang='lat' dir='ltr'>ristot.</span> <span class='ocrx_word' id='word_1_268' title='bbox 692 2909 1039 2971; x_wconf 82' lang='lat' dir='ltr'>Meteorolog.</span> <span class='ocrx_word' id='word_1_269' title='bbox 1065 2922 1104 2955; x_wconf 84' lang='grc' dir='ltr'>ι.</span> <span class='ocrx_word' id='word_1_270' title='bbox 1126 2912 1174 2956; x_wconf 84' lang='grc'>2.</span> <span class='ocrx_word' id='word_1_271' title='bbox 1213 2912 1267 2955; x_wconf 91' lang='lat' dir='ltr'>et</span> <span class='ocrx_word' id='word_1_272' title='bbox 1303 2907 1367 2956; x_wconf 91' lang='lat' dir='ltr'>de</span> <span class='ocrx_word' id='word_1_273' title='bbox 1401 2908 1552 2956; x_wconf 86' lang='lat' dir='ltr'>Mun-</span> 
     </span>
     <span class='ocr_line' id='line_1_56' title="bbox 500 2987 1410 3038; baseline -0.014 0"><span class='ocrx_word' id='word_1_274' title='bbox 500 2989 565 3038; x_wconf 89' lang='lat' dir='ltr'>do</span> <span class='ocrx_word' id='word_1_275' title='bbox 589 3001 674 3036; x_wconf 84' lang='lat' dir='ltr'>m.</span> <span class='ocrx_word' id='word_1_276' title='bbox 713 2987 859 3034; x_wconf 85' lang='lat' dir='ltr'><strong>Idem.</strong></span> <span class='ocrx_word' id='word_1_277' title='bbox 1407 3005 1410 3010; x_wconf 63' lang='lat'>&gt;</span> 
     </span>
    </p>

    <p class='ocr_par' dir='ltr' id='par_1_17' title="bbox 500 3057 1554 3272">
     <span class='ocr_line' id='line_1_57' title="bbox 565 3057 1554 3122; baseline -0.006 -9"><span class='ocrx_word' id='word_1_278' title='bbox 565 3065 666 3113; x_wconf 80' lang='lat' dir='ltr'>Sed</span> <span class='ocrx_word' id='word_1_279' title='bbox 681 3077 738 3111; x_wconf 87' lang='lat' dir='ltr'>ea</span> <span class='ocrx_word' id='word_1_280' title='bbox 756 3060 1003 3122; x_wconf 78' lang='lat' dir='ltr'>accidisse]</span> <span class='ocrx_word' id='word_1_281' title='bbox 1035 3061 1117 3108; x_wconf 87' lang='lat' dir='ltr'>De</span> <span class='ocrx_word' id='word_1_282' title='bbox 1139 3058 1238 3107; x_wconf 82' lang='lat' dir='ltr'>hoc</span> <span class='ocrx_word' id='word_1_283' title='bbox 1262 3057 1380 3108; x_wconf 85' lang='lat' dir='ltr'>fuse</span> <span class='ocrx_word' id='word_1_284' title='bbox 1394 3059 1554 3107; x_wconf 76' lang='lat' dir='ltr'>Sane·</span> 
     </span>
     <span class='ocr_line' id='line_1_58' title="bbox 500 3136 1297 3190; baseline -0.009 0"><span class='ocrx_word' id='word_1_285' title='bbox 500 3154 562 3190; x_wconf 87' lang='lat' dir='ltr'>ca</span> <span class='ocrx_word' id='word_1_286' title='bbox 586 3139 712 3188; x_wconf 91' lang='lat' dir='ltr'>Nat.</span> <span class='ocrx_word' id='word_1_287' title='bbox 733 3137 931 3187; x_wconf 76' lang='lat' dir='ltr'>Qnaest.</span> <span class='ocrx_word' id='word_1_288' title='bbox 958 3149 1021 3183; x_wconf 89' lang='grc' dir='ltr'><strong>ιι.</strong></span> <span class='ocrx_word' id='word_1_289' title='bbox 1040 3139 1122 3184; x_wconf 77' lang='grc'>32.</span> <span class='ocrx_word' id='word_1_290' title='bbox 1150 3136 1297 3183; x_wconf 83' lang='lat' dir='ltr'>Idem.</span> 
     </span>
     <span class='ocr_line' id='line_1_59' title="bbox 596 3210 1459 3272; baseline -0.008 -8"><span class='ocrx_word' id='word_1_291' title='bbox 596 3216 732 3265; x_wconf 67' lang='lat' dir='ltr'>Cu.</span> <span class='ocrx_word' id='word_1_292' title='bbox 761 3225 972 3262; x_wconf 85' lang='lat' dir='ltr'>xxvm.</span> <span class='ocrx_word' id='word_1_293' title='bbox 1036 3210 1322 3272; x_wconf 79' lang='lat' dir='ltr'>Deflamma</span> <span class='ocrx_word' id='word_1_294' title='bbox 1340 3212 1459 3260; x_wconf 79' lang='lat' dir='ltr'>coeli.</span> 
     </span>
    </p>

    <p class='ocr_par' dir='ltr' id='par_1_18' title="bbox 505 3286 1524 3341">
     <span class='ocr_line' id='line_1_60' title="bbox 505 3286 1524 3341; baseline -0.006 0"><span class='ocrx_word' id='word_1_295' title='bbox 505 3292 664 3341; x_wconf 52' lang='lat' dir='ltr'>&#39;CAin</span> <span class='ocrx_word' id='word_1_296' title='bbox 700 3302 860 3338; x_wconf 74' lang='lat' dir='ltr'>xxix.</span> <span class='ocrx_word' id='word_1_297' title='bbox 931 3288 1012 3335; x_wconf 85' lang='lat' dir='ltr'>De</span> <span class='ocrx_word' id='word_1_298' title='bbox 1042 3287 1227 3334; x_wconf 73' lang='lat' dir='ltr'>coronis</span> <span class='ocrx_word' id='word_1_299' title='bbox 1241 3286 1524 3335; x_wconf 57' lang='lat' dir='ltr'>caelestibus.</span> 
     </span>
    </p>

    <p class='ocr_par' dir='ltr' id='par_1_19' title="bbox 499 3362 1557 3870">
     <span class='ocr_line' id='line_1_61' title="bbox 567 3362 1557 3423; baseline -0.003 -9"><span class='ocrx_word' id='word_1_300' title='bbox 567 3368 764 3414; x_wconf 80' lang='lat' dir='ltr'>Coronoe</span> <span class='ocrx_word' id='word_1_301' title='bbox 800 3364 925 3412; x_wconf 79' lang='lat' dir='ltr'>circa</span> <span class='ocrx_word' id='word_1_302' title='bbox 967 3362 1152 3423; x_wconf 76' lang='lat' dir='ltr'>lanam]</span> <span class='ocrx_word' id='word_1_303' title='bbox 1205 3363 1433 3412; x_wconf 86' lang='lat' dir='ltr'>Coronas</span> <span class='ocrx_word' id='word_1_304' title='bbox 1472 3363 1557 3412; x_wconf 87' lang='lat' dir='ltr'>hic</span> 
     </span>
     <span class='ocr_line' id='line_1_62' title="bbox 499 3435 1557 3503; baseline -0.005 -12"><span class='ocrx_word' id='word_1_305' title='bbox 499 3450 651 3491; x_wconf 82' lang='lat' dir='ltr'>vocat</span> <span class='ocrx_word' id='word_1_306' title='bbox 684 3441 820 3503; x_wconf 88' lang='lat' dir='ltr'>quod</span> <span class='ocrx_word' id='word_1_307' title='bbox 853 3438 1027 3486; x_wconf 83' lang='lat' dir='ltr'>Graeci</span> <span class='ocrx_word' id='word_1_308' title='bbox 1060 3435 1269 3497; x_wconf 79' lang='grc' dir='ltr'>,ἃλῶνας,</span> <span class='ocrx_word' id='word_1_309' title='bbox 1298 3444 1353 3486; x_wconf 90' lang='lat' dir='ltr'>et</span> <span class='ocrx_word' id='word_1_310' title='bbox 1385 3438 1557 3487; x_wconf 79' lang='lat' dir='ltr'>Latini</span> 
     </span>
     <span class='ocr_line' id='line_1_63' title="bbox 502 3512 1556 3579; baseline -0.005 -12"><span class='ocrx_word' id='word_1_311' title='bbox 502 3531 677 3568; x_wconf 77' lang='lat' dir='ltr'>areas:</span> <span class='ocrx_word' id='word_1_312' title='bbox 715 3512 920 3579; x_wconf 87' lang='lat' dir='ltr'>quando</span> <span class='ocrx_word' id='word_1_313' title='bbox 944 3512 1189 3561; x_wconf 83' lang='lat' dir='ltr'>videlicet</span> <span class='ocrx_word' id='word_1_314' title='bbox 1207 3513 1346 3561; x_wconf 83' lang='lat' dir='ltr'>eirca</span> <span class='ocrx_word' id='word_1_315' title='bbox 1368 3515 1556 3576; x_wconf 74' lang='lat' dir='ltr'>Solem&#39;,</span> 
     </span>
     <span class='ocr_line' id='line_1_64' title="bbox 503 3587 1555 3650; baseline -0.005 -8"><span class='ocrx_word' id='word_1_316' title='bbox 503 3594 582 3642; x_wconf 84' lang='lat' dir='ltr'>vel</span> <span class='ocrx_word' id='word_1_317' title='bbox 609 3594 825 3650; x_wconf 85' lang='lat' dir='ltr'>Lunam,</span> <span class='ocrx_word' id='word_1_318' title='bbox 849 3587 930 3636; x_wconf 88' lang='lat' dir='ltr'>vel</span> <span class='ocrx_word' id='word_1_319' title='bbox 953 3588 1101 3636; x_wconf 82' lang='lat' dir='ltr'>aliam</span> <span class='ocrx_word' id='word_1_320' title='bbox 1135 3588 1319 3636; x_wconf 85' lang='lat' dir='ltr'>claram</span> <span class='ocrx_word' id='word_1_321' title='bbox 1351 3589 1555 3637; x_wconf 87' lang='lat' dir='ltr'>stellam</span> 
     </span>
     <span class='ocr_line' id='line_1_65' title="bbox 500 3664 1556 3727; baseline -0.004 -9"><span class='ocrx_word' id='word_1_322' title='bbox 500 3669 722 3719; x_wconf 84' lang='lat' dir='ltr'>circulus</span> <span class='ocrx_word' id='word_1_323' title='bbox 745 3664 1083 3727; x_wconf 72' lang='lat' dir='ltr'>conspicitur.</span> <span class='ocrx_word' id='word_1_324' title='bbox 1150 3664 1445 3727; x_wconf 79' lang='lat' dir='ltr'>cujusmodi</span> <span class='ocrx_word' id='word_1_325' title='bbox 1464 3664 1556 3714; x_wconf 88' lang='lat' dir='ltr'>de·</span> 
     </span>
     <span class='ocr_line' id='line_1_66' title="bbox 500 3740 1554 3809; baseline -0.004 -15"><span class='ocrx_word' id='word_1_326' title='bbox 500 3746 667 3809; x_wconf 85' lang='lat' dir='ltr'>pictas</span> <span class='ocrx_word' id='word_1_327' title='bbox 689 3741 888 3792; x_wconf 83' lang='lat' dir='ltr'>videbis</span> <span class='ocrx_word' id='word_1_328' title='bbox 910 3740 1046 3803; x_wconf 87' lang='lat' dir='ltr'>apud</span> <span class='ocrx_word' id='word_1_329' title='bbox 1074 3740 1231 3790; x_wconf 85' lang='lat' dir='ltr'>Corn.</span> <span class='ocrx_word' id='word_1_330' title='bbox 1253 3741 1406 3791; x_wconf 83' lang='lat' dir='ltr'>Gem.</span> <span class='ocrx_word' id='word_1_331' title='bbox 1429 3742 1554 3791; x_wconf 85' lang='lat' dir='ltr'>Cos·</span> 
     </span>
     <span class='ocr_line' id='line_1_67' title="bbox 500 3817 1159 3870; baseline -0.011 -1"><span class='ocrx_word' id='word_1_332' title='bbox 500 3820 702 3870; x_wconf 86' lang='lat' dir='ltr'>mocrit.</span> <span class='ocrx_word' id='word_1_333' title='bbox 727 3832 765 3868; x_wconf 86' lang='lat'>1.</span> <span class='ocrx_word' id='word_1_334' title='bbox 784 3822 833 3865; x_wconf 82' lang='lat'>6.</span> <span class='ocrx_word' id='word_1_335' title='bbox 854 3824 909 3865; x_wconf 90' lang='lat' dir='ltr'>et</span> <span class='ocrx_word' id='word_1_336' title='bbox 932 3820 978 3865; x_wconf 86' lang='lat'>8.</span> <span class='ocrx_word' id='word_1_337' title='bbox 1010 3817 1159 3865; x_wconf 84' lang='lat' dir='ltr'><strong>Idem.</strong></span> 
     </span>
    </p>

    <p class='ocr_par' dir='ltr' id='par_1_20' title="bbox 662 3875 1392 3944">
     <span class='ocr_line' id='line_1_68' title="bbox 662 3875 1392 3944; baseline -0.007 0"><span class='ocrx_word' id='word_1_338' title='bbox 662 3895 797 3944; x_wconf 72' lang='lat' dir='ltr'>CAP.</span> <span class='ocrx_word' id='word_1_339' title='bbox 821 3903 989 3942; x_wconf 76' lang='lat' dir='ltr'>xxxr.</span> <span class='ocrx_word' id='word_1_340' title='bbox 1045 3875 1219 3940; x_wconf 74' lang='lat' dir='ltr'>Pla&#39;res</span> <span class='ocrx_word' id='word_1_341' title='bbox 1240 3891 1392 3942; x_wconf 78' lang='lat' dir='ltr'>Soles.</span> 
     </span>
    </p>

    <p class='ocr_par' dir='ltr' id='par_1_21' title="bbox 495 3967 1555 4335">
     <span class='ocr_line' id='line_1_69' title="bbox 566 3967 1554 4029; baseline -0.008 -8"><span class='ocrx_word' id='word_1_342' title='bbox 566 3973 742 4021; x_wconf 81' lang='lat' dir='ltr'>Plures</span> <span class='ocrx_word' id='word_1_343' title='bbox 773 3972 892 4018; x_wconf 73' lang='lat' dir='ltr'>soles</span> <span class='ocrx_word' id='word_1_344' title='bbox 923 3969 1063 4016; x_wconf 74' lang='lat' dir='ltr'>simul</span> <span class='ocrx_word' id='word_1_345' title='bbox 1098 3968 1375 4029; x_wconf 65' lang='lat' dir='ltr'>cernuntur]</span> <span class='ocrx_word' id='word_1_346' title='bbox 1414 3967 1554 4017; x_wconf 81' lang='lat' dir='ltr'>Quos</span> 
     </span>
     <span class='ocr_line' id='line_1_70' title="bbox 495 4041 1551 4105; baseline -0.006 -10"><span class='ocrx_word' id='word_1_347' title='bbox 495 4046 726 4095; x_wconf 75' lang='lat' dir='ltr'>historici</span> <span class='ocrx_word' id='word_1_348' title='bbox 747 4045 908 4105; x_wconf 87' lang='lat' dir='ltr'>Soles,</span> <span class='ocrx_word' id='word_1_349' title='bbox 923 4044 1097 4092; x_wconf 77' lang='lat' dir='ltr'>Graeci</span> <span class='ocrx_word' id='word_1_350' title='bbox 1118 4041 1321 4104; x_wconf 74' lang='grc' dir='ltr'><strong>παρήλια</strong></span> <span class='ocrx_word' id='word_1_351' title='bbox 1336 4051 1517 4090; x_wconf 84' lang='lat' dir='ltr'>vocant</span> <span class='ocrx_word' id='word_1_352' title='bbox 1539 4059 1551 4090; x_wconf 86' lang='lat'>:</span> 
     </span>
     <span class='ocr_line' id='line_1_71' title="bbox 496 4120 1555 4180; baseline -0.006 -8"><span class='ocrx_word' id='word_1_353' title='bbox 496 4121 661 4172; x_wconf 81' lang='lat' dir='ltr'>nostri</span> <span class='ocrx_word' id='word_1_354' title='bbox 700 4134 820 4167; x_wconf 79' lang='lat' dir='ltr'>vero</span> <span class='ocrx_word' id='word_1_355' title='bbox 850 4122 1017 4180; x_wconf 78' lang='lat' dir='ltr'>virgas</span> <span class='ocrx_word' id='word_1_356' title='bbox 1050 4120 1330 4167; x_wconf 86' lang='lat' dir='ltr'>nominant.</span> <span class='ocrx_word' id='word_1_357' title='bbox 1396 4120 1555 4167; x_wconf 87' lang='lat' dir='ltr'>Fiunt</span> 
     </span>
     <span class='ocr_line' id='line_1_72' title="bbox 496 4192 1553 4256; baseline -0.006 -9"><span class='ocrx_word' id='word_1_358' title='bbox 496 4205 671 4248; x_wconf 74' lang='lat' dir='ltr'>autem</span> <span class='ocrx_word' id='word_1_359' title='bbox 704 4192 911 4256; x_wconf 81' lang='lat' dir='ltr'>quando</span> <span class='ocrx_word' id='word_1_360' title='bbox 952 4194 1113 4241; x_wconf 78' lang='lat' dir='ltr'>nubes</span> <span class='ocrx_word' id='word_1_361' title='bbox 1137 4196 1390 4241; x_wconf 86' lang='lat' dir='ltr'>exlatere</span> <span class='ocrx_word' id='word_1_362' title='bbox 1421 4195 1553 4242; x_wconf 85' lang='lat' dir='ltr'>Solis</span> 
     </span>
     <span class='ocr_line' id='line_1_73' title="bbox 497 4269 1552 4335; baseline -0.004 -10"><span class='ocrx_word' id='word_1_363' title='bbox 497 4276 581 4325; x_wconf 79' lang='lat' dir='ltr'>vel</span> <span class='ocrx_word' id='word_1_364' title='bbox 605 4270 828 4323; x_wconf 77' lang='lat' dir='ltr'>orientis·</span> <span class='ocrx_word' id='word_1_365' title='bbox 846 4271 925 4318; x_wconf 84' lang='lat' dir='ltr'>vel</span> <span class='ocrx_word' id='word_1_366' title='bbox 960 4269 1249 4321; x_wconf 81' lang='lat' dir='ltr'>occidentis</span> <span class='ocrx_word' id='word_1_367' title='bbox 1274 4271 1552 4335; x_wconf 79' lang='lat' dir='ltr'>collocata,</span> 
     </span>
    </p>
   </div>
   <div class='ocr_carea' id='block_1_11' title="bbox 1624 2207 2711 4333">
    <p class='ocr_par' dir='ltr' id='par_1_22' title="bbox 1624 2207 2691 2717">
     <span class='ocr_line' id='line_1_74' title="bbox 1624 2207 2689 2274; baseline -0.009 -12"><span class='ocrx_word' id='word_1_368' title='bbox 1624 2215 1710 2263; x_wconf 89' lang='lat' dir='ltr'>hic</span> <span class='ocrx_word' id='word_1_369' title='bbox 1729 2212 2071 2262; x_wconf 83' lang='lat' dir='ltr'>Hebraismus</span> <span class='ocrx_word' id='word_1_370' title='bbox 2094 2209 2370 2274; x_wconf 83' lang='lat' dir='ltr'>placuerit.</span> <span class='ocrx_word' id='word_1_371' title='bbox 2438 2208 2530 2257; x_wconf 86' lang='lat' dir='ltr'>Sic</span> <span class='ocrx_word' id='word_1_372' title='bbox 2552 2207 2689 2254; x_wconf 86' lang='lat' dir='ltr'>euim</span> 
     </span>
     <span class='ocr_line' id='line_1_75' title="bbox 1624 2282 2691 2352; baseline -0.009 -14"><span class='ocrx_word' id='word_1_373' title='bbox 1624 2290 1699 2338; x_wconf 90' lang='lat' dir='ltr'>illi</span> <span class='ocrx_word' id='word_1_374' title='bbox 1722 2290 2030 2352; x_wconf 71' lang='lat' dir='ltr'>loquunturz</span> <span class='ocrx_word' id='word_1_375' title='bbox 2049 2293 2063 2314; x_wconf 75' lang='lat'><strong>⁸</strong></span> <span class='ocrx_word' id='word_1_376' title='bbox 2083 2287 2273 2335; x_wconf 85' lang='lat' dir='ltr'>Factus</span> <span class='ocrx_word' id='word_1_377' title='bbox 2295 2291 2378 2333; x_wconf 85' lang='lat' dir='ltr'>est</span> <span class='ocrx_word' id='word_1_378' title='bbox 2401 2282 2528 2331; x_wconf 84' lang='lat' dir='ltr'>mihi</span> <span class='ocrx_word' id='word_1_379' title='bbox 2546 2282 2691 2330; x_wconf 84' lang='lat' dir='ltr'>Deus</span> 
     </span>
     <span class='ocr_line' id='line_1_76' title="bbox 1627 2355 2690 2429; baseline -0.01 -14"><span class='ocrx_word' id='word_1_380' title='bbox 1627 2368 1678 2416; x_wconf 87' lang='lat' dir='ltr'>iu</span> <span class='ocrx_word' id='word_1_381' title='bbox 1704 2372 2076 2429; x_wconf 83' lang='lat' dir='ltr'>protectorem,</span> <span class='ocrx_word' id='word_1_382' title='bbox 2110 2368 2164 2411; x_wconf 93' lang='lat' dir='ltr'>et</span> <span class='ocrx_word' id='word_1_383' title='bbox 2191 2361 2242 2409; x_wconf 89' lang='lat' dir='ltr'>iu</span> <span class='ocrx_word' id='word_1_384' title='bbox 2264 2361 2436 2409; x_wconf 84' lang='lat' dir='ltr'>locum</span> <span class='ocrx_word' id='word_1_385' title='bbox 2458 2355 2690 2419; x_wconf 60' lang='lat' dir='ltr'>refugii)</span> 
     </span>
     <span class='ocr_line' id='line_1_77' title="bbox 1629 2434 2691 2497; baseline -0.009 -5"><span class='ocrx_word' id='word_1_386' title='bbox 1629 2443 1810 2492; x_wconf 78' lang='lat' dir='ltr'>Nostri</span> <span class='ocrx_word' id='word_1_387' title='bbox 1827 2441 1943 2491; x_wconf 88' lang='lat' dir='ltr'>cod.</span> <span class='ocrx_word' id='word_1_388' title='bbox 1956 2439 2146 2488; x_wconf 82' lang='lat' dir='ltr'>habent</span> <span class='ocrx_word' id='word_1_389' title='bbox 2168 2439 2321 2488; x_wconf 76' lang='lat' dir='ltr'>Lm</span> <span class='ocrx_word' id='word_1_390' title='bbox 2335 2434 2691 2497; x_wconf 72' lang='lat' dir='ltr'>magnitudine.</span> 
     </span>
     <span class='ocr_line' id='line_1_78' title="bbox 1627 2518 2691 2568; baseline -0.015 0"><span class='ocrx_word' id='word_1_391' title='bbox 1627 2518 1818 2568; x_wconf 82' lang='lat' dir='ltr'>Gelan.</span> <span class='ocrx_word' id='word_1_392' title='bbox 2388 2537 2392 2543; x_wconf 90' lang='lat'>-</span> <span class='ocrx_word' id='word_1_393' title='bbox 2686 2543 2691 2552; x_wconf 89' lang='lat'>.</span> 
     </span>
     <span class='ocr_line' id='line_1_79' title="bbox 1777 2589 2543 2645; baseline -0.008 -3"><span class='ocrx_word' id='word_1_394' title='bbox 1777 2592 1912 2642; x_wconf 76' lang='lat' dir='ltr'>CAP.</span> <span class='ocrx_word' id='word_1_395' title='bbox 1946 2602 2144 2645; x_wconf 76' lang='lat' dir='ltr'>xxxvt-</span> <span class='ocrx_word' id='word_1_396' title='bbox 2214 2591 2296 2640; x_wconf 77' lang='lat' dir='ltr'>De</span> <span class='ocrx_word' id='word_1_397' title='bbox 2316 2589 2543 2639; x_wconf 61' lang='lat' dir='ltr'>amaru</span> 
     </span>
     <span class='ocr_line' id='line_1_80' title="bbox 2019 2669 2281 2717; baseline -0.004 -1"><span class='ocrx_word' id='word_1_398' title='bbox 2019 2669 2281 2717; x_wconf 73' lang='lat' dir='ltr'>stellarum.</span> 
     </span>
    </p>

    <p class='ocr_par' dir='ltr' id='par_1_23' title="bbox 1628 2741 2692 3023">
     <span class='ocr_line' id='line_1_81' title="bbox 1692 2741 2692 2806; baseline -0.009 -11"><span class='ocrx_word' id='word_1_399' title='bbox 1692 2743 1977 2806; x_wconf 74' lang='lat' dir='ltr'>Discursus]</span> <span class='ocrx_word' id='word_1_400' title='bbox 2026 2743 2285 2793; x_wconf 78' lang='lat' dir='ltr'>Scintillas</span> <span class='ocrx_word' id='word_1_401' title='bbox 2331 2750 2387 2792; x_wconf 91' lang='lat' dir='ltr'>et</span> <span class='ocrx_word' id='word_1_402' title='bbox 2425 2741 2692 2791; x_wconf 86' lang='lat' dir='ltr'>discursus</span> 
     </span>
     <span class='ocr_line' id='line_1_82' title="bbox 1628 2817 2691 2883; baseline -0.008 -12"><span class='ocrx_word' id='word_1_403' title='bbox 1628 2823 1886 2871; x_wconf 86' lang='lat' dir='ltr'>stellarum</span> <span class='ocrx_word' id='word_1_404' title='bbox 1918 2826 2070 2869; x_wconf 83' lang='lat' dir='ltr'>vocat</span> <span class='ocrx_word' id='word_1_405' title='bbox 2103 2819 2155 2868; x_wconf 88' lang='lat' dir='ltr'>id</span> <span class='ocrx_word' id='word_1_406' title='bbox 2193 2817 2332 2883; x_wconf 88' lang='lat' dir='ltr'>qnod</span> <span class='ocrx_word' id='word_1_407' title='bbox 2371 2818 2691 2867; x_wconf 67' lang='lat' dir='ltr'>Ptolomaeus</span> 
     </span>
     <span class='ocr_line' id='line_1_83' title="bbox 1630 2891 2689 2962; baseline -0.01 -14"><span class='ocrx_word' id='word_1_408' title='bbox 1630 2899 1978 2962; x_wconf 85' lang='lat' dir='ltr'>trajectiones.</span> <span class='ocrx_word' id='word_1_409' title='bbox 2049 2898 2125 2945; x_wconf 89' lang='lat' dir='ltr'>Ea</span> <span class='ocrx_word' id='word_1_410' title='bbox 2145 2895 2210 2944; x_wconf 86' lang='lat' dir='ltr'>de</span> <span class='ocrx_word' id='word_1_411' title='bbox 2233 2910 2288 2944; x_wconf 88' lang='lat' dir='ltr'>re</span> <span class='ocrx_word' id='word_1_412' title='bbox 2312 2901 2471 2943; x_wconf 88' lang='lat' dir='ltr'>acute</span> <span class='ocrx_word' id='word_1_413' title='bbox 2490 2891 2689 2953; x_wconf 85' lang='lat' dir='ltr'>Scalig.</span> 
     </span>
     <span class='ocr_line' id='line_1_84' title="bbox 1628 2969 2480 3023; baseline -0.007 -1"><span class='ocrx_word' id='word_1_414' title='bbox 1628 2974 1832 3023; x_wconf 84' lang='lat' dir='ltr'>advers.</span> <span class='ocrx_word' id='word_1_415' title='bbox 1848 2972 2003 3023; x_wconf 90' lang='lat' dir='ltr'>Card.</span> <span class='ocrx_word' id='word_1_416' title='bbox 2030 2985 2171 3020; x_wconf 81' lang='lat' dir='ltr'>exer.</span> <span class='ocrx_word' id='word_1_417' title='bbox 2190 2974 2272 3019; x_wconf 73' lang='lat'>63.</span> <span class='ocrx_word' id='word_1_418' title='bbox 2304 2969 2480 3018; x_wconf 75' lang='lat' dir='ltr'>Doleo.</span> 
     </span>
    </p>

    <p class='ocr_par' dir='ltr' id='par_1_24' title="bbox 1662 3044 2662 3099">
     <span class='ocr_line' id='line_1_85' title="bbox 1662 3044 2662 3099; baseline -0.008 -1"><span class='ocrx_word' id='word_1_419' title='bbox 1662 3050 1798 3099; x_wconf 72' lang='lat' dir='ltr'>CAP.</span> <span class='ocrx_word' id='word_1_420' title='bbox 1823 3061 2052 3097; x_wconf 83' lang='lat' dir='ltr'>xxxvn.</span> <span class='ocrx_word' id='word_1_421' title='bbox 2094 3048 2174 3095; x_wconf 89' lang='lat' dir='ltr'>De</span> <span class='ocrx_word' id='word_1_422' title='bbox 2193 3046 2346 3095; x_wconf 77' lang='lat' dir='ltr'>stellis</span> <span class='ocrx_word' id='word_1_423' title='bbox 2365 3044 2662 3093; x_wconf 74' lang='lat' dir='ltr'>Castor-ibus.</span> 
     </span>
    </p>

    <p class='ocr_par' dir='ltr' id='par_1_25' title="bbox 1630 3122 2694 3337">
     <span class='ocr_line' id='line_1_86' title="bbox 1662 3122 2690 3189; baseline -0.007 -14"><span class='ocrx_word' id='word_1_424' title='bbox 1662 3179 1665 3182; x_wconf 70' lang='grc'><strong>,</strong></span> <span class='ocrx_word' id='word_1_425' title='bbox 1694 3126 1955 3187; x_wconf 76' lang='lat' dir='ltr'>Fulgorem</span> <span class='ocrx_word' id='word_1_426' title='bbox 1973 3123 2129 3189; x_wconf 74' lang='lat' dir='ltr'>effigie</span> <span class='ocrx_word' id='word_1_427' title='bbox 2149 3123 2226 3186; x_wconf 84' lang='lat' dir='ltr'>ea]</span> <span class='ocrx_word' id='word_1_428' title='bbox 2261 3122 2440 3172; x_wconf 78' lang='lat' dir='ltr'>Graeci</span> <span class='ocrx_word' id='word_1_429' title='bbox 2462 3122 2562 3169; x_wconf 89' lang='lat' dir='ltr'>hoc</span> <span class='ocrx_word' id='word_1_430' title='bbox 2585 3134 2690 3168; x_wconf 88' lang='lat' dir='ltr'>me·</span> 
     </span>
     <span class='ocr_line' id='line_1_87' title="bbox 1630 3198 2694 3260; baseline -0.004 -9"><span class='ocrx_word' id='word_1_431' title='bbox 1630 3208 1809 3251; x_wconf 88' lang='lat' dir='ltr'>teoron</span> <span class='ocrx_word' id='word_1_432' title='bbox 1826 3211 2012 3250; x_wconf 87' lang='lat' dir='ltr'>vocant</span> <span class='ocrx_word' id='word_1_433' title='bbox 2026 3198 2339 3260; x_wconf 80' lang='grc' dir='ltr'><strong>πολυδεύχεα.</strong></span> <span class='ocrx_word' id='word_1_434' title='bbox 2371 3199 2549 3248; x_wconf 83' lang='lat' dir='ltr'>Latini</span> <span class='ocrx_word' id='word_1_435' title='bbox 2568 3198 2694 3247; x_wconf 84' lang='lat' dir='ltr'>Cas-</span> 
     </span>
     <span class='ocr_line' id='line_1_88' title="bbox 1631 3277 2388 3337; baseline -0.003 -11"><span class='ocrx_word' id='word_1_436' title='bbox 1631 3286 1794 3327; x_wconf 85' lang='lat' dir='ltr'>torem</span> <span class='ocrx_word' id='word_1_437' title='bbox 1819 3286 1873 3327; x_wconf 91' lang='lat' dir='ltr'>et</span> <span class='ocrx_word' id='word_1_438' title='bbox 1897 3279 2183 3327; x_wconf 88' lang='lat' dir='ltr'>Pollucem.</span> <span class='ocrx_word' id='word_1_439' title='bbox 2219 3277 2388 3337; x_wconf 64' lang='lat' dir='ltr'>Dalpc.</span> 
     </span>
    </p>

    <p class='ocr_par' dir='ltr' id='par_1_26' title="bbox 1625 3350 2711 4176">
     <span class='ocr_line' id='line_1_89' title="bbox 1696 3350 2689 3417; baseline -0.005 -14"><span class='ocrx_word' id='word_1_440' title='bbox 1696 3354 1954 3417; x_wconf 80' lang='lat' dir='ltr'>Helenam]</span> <span class='ocrx_word' id='word_1_441' title='bbox 1986 3354 2191 3403; x_wconf 84' lang='lat' dir='ltr'>Solinus</span> <span class='ocrx_word' id='word_1_442' title='bbox 2231 3350 2478 3414; x_wconf 81' lang='lat' dir='ltr'>expositis</span> <span class='ocrx_word' id='word_1_443' title='bbox 2515 3350 2689 3399; x_wconf 84' lang='lat' dir='ltr'>multis</span> 
     </span>
     <span class='ocr_line' id='line_1_90' title="bbox 1630 3426 2692 3495; baseline -0.007 -16"><span class='ocrx_word' id='word_1_444' title='bbox 1630 3432 1792 3491; x_wconf 87' lang='lat' dir='ltr'>malis,</span> <span class='ocrx_word' id='word_1_445' title='bbox 1826 3445 1940 3495; x_wconf 83' lang='lat' dir='ltr'>quae</span> <span class='ocrx_word' id='word_1_446' title='bbox 1981 3428 2156 3477; x_wconf 88' lang='lat' dir='ltr'>adfert</span> <span class='ocrx_word' id='word_1_447' title='bbox 2189 3427 2461 3476; x_wconf 84' lang='lat' dir='ltr'>mulierum</span> <span class='ocrx_word' id='word_1_448' title='bbox 2485 3426 2692 3487; x_wconf 80' lang='lat' dir='ltr'>sanguis</span> 
     </span>
     <span class='ocr_line' id='line_1_91' title="bbox 1630 3502 2688 3565; baseline -0.008 -8"><span class='ocrx_word' id='word_1_449' title='bbox 1630 3515 1954 3557; x_wconf 74' lang='lat' dir='ltr'>menstruus:</span> <span class='ocrx_word' id='word_1_450' title='bbox 1989 3506 2003 3534; x_wconf 93' lang='lat'>‘</span> <span class='ocrx_word' id='word_1_451' title='bbox 2031 3502 2245 3560; x_wconf 86' lang='lat' dir='ltr'>Habet,&#39;</span> <span class='ocrx_word' id='word_1_452' title='bbox 2284 3505 2377 3564; x_wconf 87' lang='lat' dir='ltr'>ait,</span> <span class='ocrx_word' id='word_1_453' title='bbox 2397 3505 2414 3530; x_wconf 77' lang='lat'><strong>⁶</strong></span> <span class='ocrx_word' id='word_1_454' title='bbox 2440 3503 2597 3565; x_wconf 83' lang='lat' dir='ltr'>plane</span> <span class='ocrx_word' id='word_1_455' title='bbox 2638 3502 2688 3550; x_wconf 85' lang='lat' dir='ltr'>id</span> 
     </span>
     <span class='ocr_line' id='line_1_92' title="bbox 1630 3579 2691 3645; baseline -0.008 -12"><span class='ocrx_word' id='word_1_456' title='bbox 1630 3585 1791 3634; x_wconf 84' lang='lat' dir='ltr'>solum</span> <span class='ocrx_word' id='word_1_457' title='bbox 1835 3584 2079 3643; x_wconf 86' lang='lat' dir='ltr'>salutare,</span> <span class='ocrx_word' id='word_1_458' title='bbox 2121 3579 2256 3645; x_wconf 87' lang='lat' dir='ltr'>quod</span> <span class='ocrx_word' id='word_1_459' title='bbox 2282 3591 2287 3602; x_wconf 85' lang='lat'><em>&#39;</em></span> <span class='ocrx_word' id='word_1_460' title='bbox 2307 3579 2505 3628; x_wconf 85' lang='lat' dir='ltr'>avertit</span> <span class='ocrx_word' id='word_1_461' title='bbox 2551 3580 2691 3626; x_wconf 84' lang='lat' dir='ltr'>sidus</span> 
     </span>
     <span class='ocr_line' id='line_1_93' title="bbox 1630 3655 2691 3723; baseline -0.006 -14"><span class='ocrx_word' id='word_1_462' title='bbox 1630 3660 1871 3723; x_wconf 66' lang='lat' dir='ltr'>Helenae,</span> <span class='ocrx_word' id='word_1_463' title='bbox 1915 3655 2398 3722; x_wconf 82' lang='lat' dir='ltr'>perniciosissimum</span> <span class='ocrx_word' id='word_1_464' title='bbox 2443 3656 2691 3717; x_wconf 81' lang='lat' dir='ltr'>navigan-</span> 
     </span>
     <span class='ocr_line' id='line_1_94' title="bbox 1630 3730 2690 3796; baseline -0.006 -12"><span class='ocrx_word' id='word_1_465' title='bbox 1630 3734 1804 3792; x_wconf 60' lang='lat' dir='ltr'>tibus!</span> <span class='ocrx_word' id='word_1_466' title='bbox 1841 3733 2029 3796; x_wconf 80' lang='lat' dir='ltr'>Apollo</span> <span class='ocrx_word' id='word_1_467' title='bbox 2053 3740 2245 3791; x_wconf 85' lang='lat' dir='ltr'>tamen,</span> <span class='ocrx_word' id='word_1_468' title='bbox 2267 3730 2319 3778; x_wconf 91' lang='lat' dir='ltr'>in</span> <span class='ocrx_word' id='word_1_469' title='bbox 2342 3730 2536 3779; x_wconf 81' lang='lat' dir='ltr'>Oreste</span> <span class='ocrx_word' id='word_1_470' title='bbox 2551 3730 2690 3793; x_wconf 84' lang='lat' dir='ltr'>apud</span> 
     </span>
     <span class='ocr_line' id='line_1_95' title="bbox 1628 3805 2691 3872; baseline -0.006 -13"><span class='ocrx_word' id='word_1_471' title='bbox 1628 3809 1959 3872; x_wconf 85' lang='lat' dir='ltr'>Euripidem,·</span> <span class='ocrx_word' id='word_1_472' title='bbox 1991 3807 2266 3855; x_wconf 84' lang='lat' dir='ltr'>salutarem</span> <span class='ocrx_word' id='word_1_473' title='bbox 2310 3806 2483 3854; x_wconf 87' lang='lat' dir='ltr'>nautis</span> <span class='ocrx_word' id='word_1_474' title='bbox 2526 3805 2691 3853; x_wconf 89' lang='lat' dir='ltr'>Hele·</span> 
     </span>
     <span class='ocr_line' id='line_1_96' title="bbox 1629 3880 2686 3946; baseline -0.006 -9"><span class='ocrx_word' id='word_1_475' title='bbox 1629 3900 1746 3937; x_wconf 86' lang='lat' dir='ltr'>nam</span> <span class='ocrx_word' id='word_1_476' title='bbox 1771 3899 1885 3933; x_wconf 83' lang='lat' dir='ltr'>esse</span> <span class='ocrx_word' id='word_1_477' title='bbox 1901 3882 2231 3946; x_wconf 80' lang='lat' dir='ltr'>pronuntiat:</span> <span class='ocrx_word' id='word_1_478' title='bbox 2257 3881 2403 3945; x_wconf 75' lang='grc' dir='ltr'><strong><em>Ζηνὸς</em></strong></span> <span class='ocrx_word' id='word_1_479' title='bbox 2418 3882 2516 3944; x_wconf 71' lang='grc' dir='ltr'>γὰρ</span> <span class='ocrx_word' id='word_1_480' title='bbox 2537 3880 2686 3932; x_wconf 72' lang='grc' dir='ltr'><strong><em>οὖσαν</em></strong></span> 
     </span>
     <span class='ocr_line' id='line_1_97' title="bbox 1628 3956 2686 4026; baseline -0.004 -16"><span class='ocrx_word' id='word_1_481' title='bbox 1628 3963 1690 4026; x_wconf 73' lang='grc' dir='ltr'>ζῇ</span> <span class='ocrx_word' id='word_1_482' title='bbox 1693 3982 1718 4009; x_wconf 86' lang='grc' dir='ltr'><strong><em>ν</em></strong></span> <span class='ocrx_word' id='word_1_483' title='bbox 1733 3980 1806 4011; x_wconf 76' lang='grc' dir='ltr'>νιν</span> <span class='ocrx_word' id='word_1_484' title='bbox 1825 3961 2021 4023; x_wconf 55' lang='lat' dir='ltr'>&amp;petrau</span> <span class='ocrx_word' id='word_1_485' title='bbox 2035 3960 2205 4022; x_wconf 74' lang='grc' dir='ltr'>χρεὼν,</span> <span class='ocrx_word' id='word_1_486' title='bbox 2222 3956 2434 4020; x_wconf 75' lang='grc' dir='ltr'><strong><em>Κάστορί</em></strong></span> <span class='ocrx_word' id='word_1_487' title='bbox 2454 3977 2509 4007; x_wconf 78' lang='grc' dir='ltr'>τε</span> <span class='ocrx_word' id='word_1_488' title='bbox 2527 3966 2686 4008; x_wconf 83' lang='grc' dir='ltr'><strong>Πολυ-</strong></span> 
     </span>
     <span class='ocr_line' id='line_1_98' title="bbox 1627 4035 2685 4098; baseline -0.003 -11"><span class='ocrx_word' id='word_1_489' title='bbox 1627 4039 1775 4089; x_wconf 82' lang='grc' dir='ltr'><strong>δεύκει</strong></span> <span class='ocrx_word' id='word_1_490' title='bbox 1798 4040 1838 4087; x_wconf 81' lang='grc' dir='ltr'>τ’</span> <span class='ocrx_word' id='word_1_491' title='bbox 1857 4041 1907 4087; x_wconf 82' lang='grc' dir='ltr'>ἐν</span> <span class='ocrx_word' id='word_1_492' title='bbox 1932 4036 2110 4098; x_wconf 78' lang='grc' dir='ltr'><strong><em>αἰθέρος</em></strong></span> <span class='ocrx_word' id='word_1_493' title='bbox 2129 4038 2336 4097; x_wconf 77' lang='grc' dir='ltr'><strong><em>πτυχαῖς</em></strong></span> <span class='ocrx_word' id='word_1_494' title='bbox 2353 4035 2592 4085; x_wconf 58' lang='lat' dir='ltr'>§manos</span> <span class='ocrx_word' id='word_1_495' title='bbox 2606 4035 2685 4084; x_wconf 82' lang='grc' dir='ltr'>ἔσ-</span> 
     </span>
     <span class='ocr_line' id='line_1_99' title="bbox 1625 4111 2711 4176; baseline -0.006 -11"><span class='ocrx_word' id='word_1_496' title='bbox 1625 4135 1706 4165; x_wconf 75' lang='grc' dir='ltr'>ται</span> <span class='ocrx_word' id='word_1_497' title='bbox 1727 4113 1960 4166; x_wconf 79' lang='grc' dir='ltr'><strong>ναυτίλοις</strong></span> <span class='ocrx_word' id='word_1_498' title='bbox 1982 4111 2225 4176; x_wconf 71' lang='grc' dir='ltr'><strong>σωτήριος.</strong></span> <span class='ocrx_word' id='word_1_499' title='bbox 2262 4113 2410 4160; x_wconf 83' lang='lat' dir='ltr'>Idem.</span> <span class='ocrx_word' id='word_1_500' title='bbox 2706 4119 2711 4124; x_wconf 81' lang='lat'><strong><em>‘</em></strong></span> 
     </span>
    </p>

    <p class='ocr_par' dir='ltr' id='par_1_27' title="bbox 1628 4189 2686 4333">
     <span class='ocr_line' id='line_1_100' title="bbox 1696 4189 2686 4252; baseline -0.003 -11"><span class='ocrx_word' id='word_1_501' title='bbox 1696 4192 1954 4241; x_wconf 81' lang='lat' dir='ltr'>Hominum</span> <span class='ocrx_word' id='word_1_502' title='bbox 1986 4204 2163 4252; x_wconf 76' lang='lat' dir='ltr'>quoque</span> <span class='ocrx_word' id='word_1_503' title='bbox 2203 4189 2361 4250; x_wconf 78' lang='lat' dir='ltr'>capita</span> <span class='ocrx_word' id='word_1_504' title='bbox 2402 4189 2686 4250; x_wconf 75' lang='lat' dir='ltr'>vespertinis</span> 
     </span>
     <span class='ocr_line' id='line_1_101' title="bbox 1628 4259 2681 4333; baseline -0.005 -13"><span class='ocrx_word' id='word_1_505' title='bbox 1628 4270 1778 4333; x_wconf 78' lang='lat' dir='ltr'>horis]</span> <span class='ocrx_word' id='word_1_506' title='bbox 1823 4264 2108 4331; x_wconf 81' lang='lat' dir='ltr'>superfluit</span> <span class='ocrx_word' id='word_1_507' title='bbox 2133 4266 2366 4316; x_wconf 87' lang='lat' dir='ltr'>ultimum</span> <span class='ocrx_word' id='word_1_508' title='bbox 2384 4259 2604 4317; x_wconf 78' lang='lat' dir='ltr'>¹verbum</span> <span class='ocrx_word' id='word_1_509' title='bbox 2628 4269 2681 4316; x_wconf 87' lang='lat' dir='ltr'>in</span> 
     </span>
    </p>
   </div>
   <div class='ocr_carea' id='block_1_12' title="bbox 2975 662 2983 1687">
    <p class='ocr_par' dir='ltr' id='par_1_28' title="bbox 2975 662 2983 1687">
     <span class='ocr_line' id='line_1_102' title="bbox 2975 662 2983 1687; baseline 0 0"><span class='ocrx_word' id='word_1_510' title='bbox 2975 662 2983 1687; x_wconf 95' lang='lat' dir='ltr'> </span> 
     </span>
    </p>
   </div>
   <div class='ocr_carea' id='block_1_13' title="bbox 2974 1946 2984 3263">
    <p class='ocr_par' dir='ltr' id='par_1_29' title="bbox 2974 1946 2984 3263">
     <span class='ocr_line' id='line_1_103' title="bbox 2974 1946 2984 3263; baseline 0 0"><span class='ocrx_word' id='word_1_511' title='bbox 2974 1946 2984 3263; x_wconf 95' lang='lat' dir='ltr'> </span> 
     </span>
    </p>
   </div>
   <div class='ocr_carea' id='block_1_14' title="bbox 2972 1946 2986 3933">
    <p class='ocr_par' dir='ltr' id='par_1_30' title="bbox 2972 1946 2986 3933">
     <span class='ocr_line' id='line_1_104' title="bbox 2972 1946 2986 3933; baseline 0 0"><span class='ocrx_word' id='word_1_512' title='bbox 2972 1946 2986 3933; x_wconf 95' lang='lat' dir='ltr'> </span> 
     </span>
    </p>
   </div>
  </div>
 </body>
</html>
