3000 4917
619 409 683 457 Ο.
729 406 975 457 PMNn
1025 405 1361 457 SBOUNDI

289 548 636 614 tiquissimum
670 561 841 613 nuper
873 550 937 601 ad
969 564 1062 600 uos
1085 550 1298 604 allatum
1324 565 1355 600 e

284 627 485 690 templo
508 627 658 676 Divae
686 627 868 676 Marias
888 628 1176 684 Toletanae,
1202 628 1355 678 aliter

286 703 426 752 hunc
459 704 627 752 locum
669 703 881 767 legunte
916 704 1153 754 Mundum
1187 710 1237 755 et
1268 705 1355 754 hoc

284 780 589 844 qaodcunque
600 781 765 829 coelum
774 782 1012 843 appellare
1030 780 1193 830 tibuit.
1258 781 1356 831 Cui

285 856 502 905 lectioni
530 855 812 905 subscribit
828 856 974 905 Mela
1005 856 1059 904 in
1074 856 1223 906 initio
1245 870 1353 907 suae

288 932 670 995 Geographiae:
720 929 963 987 ‘Omne,’
996 932 1183 995 iuquit,
1217 932 1233 960 ‘
1256 931 1354 981 hoc

286 1008 564 1073 (quicquid
589 1008 642 1056 id
665 1006 773 1071 est)
804 1010 889 1057 cui
924 1007 1099 1056 mundi
1130 1007 1354 1071 coelique

285 1097 478 1133 nomen
502 1083 975 1145 indidimus,unnm
998 1084 1051 1134 id
1075 1083 1193 1134 est.’
1248 1084 1357 1134 1104

288 1175 402 1210 rum
424 1160 799 1223 exemplarium
822 1158 945 1222 fide,
968 1160 1019 1209 in
1043 1160 1121 1209 his
1139 1175 1252 1225 quae
1273 1173 1355 1209 se·

285 1243 532 1300 quentur,
573 1250 744 1297 usuro,
787 1237 1066 1286 admonere
1104 1237 1354 1286 lectorem

286 1307 341 1362 in
362 1313 488 1376 ipsis
512 1312 671 1361 initiis
689 1313 859 1362 libuit.
892 1313 1117 1362 Pintian.

358 1387 563 1451 Goelam]
597 1388 954 1438 Vetustissimi
995 1387 1213 1438 Romani
1252 1401 1354 1436 cte·

285 1468 393 1516 lum
430 1466 597 1515 cottum
635 1465 1054 1528 appellaverunt.
1121 1463 1352 1513 Enniusz

285 1535 304 1562 ‘
318 1537 479 1599 pilam
504 1540 592 1587 vix
611 1539 698 1589 Sol
722 1538 963 1597 mediam,
986 1539 1249 1601 complere
1266 1551 1353 1587 co·

288 1612 410 1661 hum
435 1614 719 1665 terroribus
741 1614 939 1668 audet.’
973 1615 1141 1663 Doleo.

356 1689 504 1750 cidus
521 1691 857 1755 circumflexu]
890 1691 1090 1742 Horum
1107 1689 1356 1738 nonnulla

287 1779 355 1814 ex
401 1767 566 1816 Arist.
588 1767 655 1816 de
694 1768 840 1817 Coelo
877 1766 966 1816 lib.
998 1780 1038 1817 1.
1075 1766 1194 1815 vide
1228 1778 1354 1815 num

288 1840 445 1891 Plato
468 1843 619 1892 aliter
634 1843 877 1892 senserit.
910 1843 1086 1893 Dulce.

358 1917 507 1966 Totus
526 1919 578 1968 ia
600 1919 725 1982 toto]
760 1918 879 1968 Hoc
902 1925 1003 1980 est,
1036 1924 1190 1967 extra
1212 1916 1353 1981 quod

286 1993 417 2043 nihil
461 2001 566 2056 est,
607 2008 706 2045 nec
748 2001 942 2058 motus,
986 2008 1084 2043 nec
1130 2001 1355 2056 tempus.

288 2071 464 2122 Dulce.
497 2064 502 2068 ’
532 2070 748 2120 Totusiu
771 2068 896 2132 toto]
921 2069 1038 2120 Nec
1061 2082 1252 2131 corpus
1279 2068 1354 2116 ul·

286 2147 416 2209 lum,
453 2154 693 2196 naturam
740 2146 950 2210 quidem
996 2158 1170 2194 rerum
1216 2143 1354 2207 quod

289 2223 504 2271 attinet.
532 2258 538 2272 2
571 2221 711 2272 Quid
747 2221 815 2270 ibi
850 2227 1036 2284 agatur
1057 2220 1124 2272 de
1147 2227 1357 2269 senten·

285 2299 366 2348 tia
385 2299 855 2361 Peripateticorum
876 2298 1035 2348 docet
1054 2297 1244 2360 Scalig.
1265 2295 1355 2345 ad·

274 2373 607 2424 .vers..(2ard.
638 2374 854 2426 exercit.
878 2377 994 2422 865.
1023 2387 1074 2424 n.
1097 2377 1146 2422 ⁶.
1210 2371 1353 2422 Alio·

288 2466 403 2503 rum
428 2460 600 2503 autem
636 2453 909 2517 opiniones
946 2456 1183 2502 recenset
1215 2450 1351 2500 Stat.

289 2545 453 2594 super
467 2530 618 2580 Arat.
642 2546 693 2594 p.
710 2534 794 2581 86.

203 2611 226 2620 ·
354 2605 577 2669 Finitus]
635 2606 859 2655 Finitum
911 2618 1026 2655 esse
1070 2603 1354 2669 ingeniosis

286 2682 576 2733 rationibus
602 2683 788 2746 prohat
803 2682 1021 2746 Rhodig.
1043 2696 1107 2733 ιι.
1132 2685 1214 2732 19.
1249 2681 1357 2730 Do-

286 2761 375 2809 lec.
422 2759 620 2809 Finitus
633 2764 683 2808 et
698 2758 891 2824 infinito
902 2758 1098 2822 amuis]
1121 2757 1355 2807 Praedic-

289 2844 349 2885 ta
378 2834 723 2898 exemplaria,
751 2841 807 2883 et
828 2834 1100 2897 impressa,
1123 2846 1227 2881 non
1251 2831 1355 2880 Ro·

284 2926 444 2961 mana
469 2920 687 2966 tantum,
711 2909 803 2959 sed
826 2915 1019 2959 castere
1030 2908 1217 2964 omnis,
1240 2921 1356 2972 quas

282 2996 411 3037 ante
458 2987 731 3037 Hermolai
766 2985 1129 3048 castigationes
1164 2996 1356 3032 excusa

284 3071 430 3125 snut,
446 3078 476 3112 e
500 3063 761 3115 contrario
778 3064 914 3112 hunc
940 3062 1110 3113 locum
1134 3061 1318 3123 legunt
1339 3074 1353 3106 ι

285 3140 585 3203 Infinitusac
598 3139 751 3204 finito
768 3137 959 3187 similis.
1024 3136 1360 3199 Hermolaus,

286 3217 416 3282 quia
442 3215 756 3265 Aristoteles
774 3222 832 3263 et
862 3212 1047 3277 reliqui
1080 3212 1356 3275 Peripate-

288 3293 383 3343 tici
404 3292 656 3342 Mundum
680 3290 886 3339 linitum
913 3303 1029 3338 esse
1047 3295 1355 3351 coarguunt,

288 3367 557 3432 antiquam
595 3366 873 3415 lectionem
910 3364 1158 3426 invertit3
1209 3364 1357 3427 quasi

289 3457 420 3494 vero
441 3442 748 3497 nesciamus,
781 3441 943 3490 libere
982 3438 1213 3490 Plinium
1253 3439 1356 3489 dis·

288 3519 493 3569 sentire
514 3519 745 3580 solitum,
769 3524 825 3566 et
849 3517 913 3567 ab
938 3515 1222 3567 Aristotele
1241 3524 1297 3565 et
1324 3530 1357 3565 a

286 3600 497 3663 reliqua
517 3597 940 3660 Philosophorum
981 3603 1213 3658 caterva,
1251 3609 1355 3645 non

286 3673 447 3723 mo'do
470 3673 523 3721 in
546 3671 816 3722 altioribus
847 3678 1049 3721 naturae
1077 3671 1355 3735 mysteriis,

291 3746 388 3797 aed
417 3746 471 3796 in
493 3747 605 3809 ipsa
642 3747 799 3796 etiam
828 3746 1122 3795 animalium
1169 3753 1357 3795 natura

291 3837 362 3873 ac
401 3822 745 3886 proprietate,
782 3830 842 3871 ut
886 3818 1023 3871 iufra
1057 3818 1357 3882 constabit;

293 3907 353 3949 et
385 3910 487 3947 non
510 3896 708 3948 fuerint
743 3897 1064 3961 Philosophi,
1088 3896 1177 3960 qui
1214 3909 1358 3945 mun·

295 3973 421 4023 dum
458 3974 717 4025 infinitum
756 3987 872 4023 esse
927 3971 1257 4035 tradiderint,
1302 3977 1360 4020 ut

295 4054 550 4104 Seleucus
587 4062 645 4102 et
701 4053 809 4115 alii,
853 4065 952 4101 nec
998 4049 1359 4113 magnitudine

295 4140 524 4193 tantum,
547 4131 638 4180 sed
661 4143 875 4179 numero
909 4141 1110 4194 quoque
1132 4126 1359 4177 infinitos

298 4205 651 4271 prodiderint,
674 4211 734 4253 ut
757 4201 972 4252 fuerunt
1010 4200 1360 4264 Democritus,

295 4282 579 4349 Epicurus,
611 4288 668 4332 et
706 4293 886 4331 eorum
930 4278 1214 4344 discipulus
1245 4277 1363 4329 Me·

2315 395 2491 463 4959

1431 550 1688 602 trodorus.
1726 553 1841 603 Nec
1858 552 2193 604 Hermolaum
2211 554 2492 619 quicquam

1420 627 1661 691 juverint
1686 629 1865 689 verba,
1901 645 2017 694 quae
2058 631 2234 681 statim
2271 646 2495 695 sequun-

1431 711 1538 767 tur,
1566 706 1583 732 ‘
1606 706 1852 755 Omnium
1890 720 2062 755 rerum
2095 714 2292 764 certus,
2330 715 2387 756 et
2423 709 2492 757 si·

1415 408 1592 457 NAT.
1638 408 1840 457 Hls'r.
1888 409 2029 458 mn.
2076 410 2159 458 11.

1430 779 1566 827 milis
1590 779 1846 841 incerto;'
1878 782 1921 828 si
1946 788 2094 831 recte
2116 781 2494 844 percipiantur.

1430 854 1576 905 Nihil
1597 855 1775 921 itaque
1798 857 2040 908 existimo
2064 872 2130 906 ex
2170 866 2352 910 vetere
2388 858 2494 908 lec·

1430 931 1573 982 tione
1594 932 1987 982 immutandum.
2025 933 2254 984 Pintion.

1495 1007 1706 1057 Natura
1727 1007 1865 1071 opus]
1890 1008 2022 1059 Haec
2042 1010 2317 1059 antithesis
2339 1024 2493 1060 cona-

1428 1091 1519 1133 tur
1561 1084 1786 1147 probare
1827 1086 2074 1136 mundum
2109 1102 2209 1138 nec
2249 1087 2494 1152 coepisse,

1429 1173 1529 1210 nec
1574 1160 1862 1210 desiturum
1906 1176 2044 1224 esse,
2095 1163 2188 1212 sed
2233 1164 2333 1213 sihi
2376 1176 2492 1213 esse

1429 1248 1662 1284 caussam
1680 1242 1949 1287 aeterusm.
1985 1237 2155 1287 Dalec.
2484 1265 2489 1272 ·

1495 1311 1882 1376 Innumerabilis,
1920 1312 2032 1376 lfa]
2066 1313 2145 1362 Ea
2160 1311 2272 1363 fuit
2300 1315 2495 1364 Demo·

1429 1386 1557 1438 criti
1579 1386 1753 1452 opinio
1790 1388 1930 1451 apud
1955 1387 2175 1440 Aristot.
2222 1397 2277 1438 et
2313 1389 2495 1440 Valer.

1431 1464 1580 1513 Max.
1600 1471 1659 1514 et
1676 1464 2004 1514 AEliauiVar.
2027 1465 2171 1516 Hist.
2190 1466 2277 1516 lib.
2303 1479 2355 1516 V.
2372 1479 2492 1529 cap.

1430 1539 1525 1588 ult.
1562 1540 1736 1603 Atque
1769 1540 1899 1589 adeo
1938 1548 1993 1589 et
2025 1540 2319 1592 Metrodori
2349 1541 2492 1605 apud

1341 1629 1347 1634 ·
1428 1615 1700 1666 Plutarch.
1733 1615 1801 1665 de
1841 1616 1987 1665 Plac.
2028 1616 2166 1665 Phil.
2186 1630 2227 1666 r.
2252 1622 2391 1667 5..et
2426 1630 2492 1668 ιι.

1431 1695 1480 1740 1.
1514 1697 1570 1741 et
1612 1691 1830 1754 Epicuri
1872 1696 2008 1741 teste
2053 1689 2229 1742 Laert.
2268 1705 2335 1741 ex
2379 1694 2491 1755 ejus

1429 1767 1601 1831 Epist.
1624 1767 1690 1816 ad
1714 1767 1938 1831 Pythoc.
1958 1767 2082 1817 mihi
2106 1781 2226 1831 pag.
2246 1771 2364 1818 414.
2382 1782 2492 1818 sec·

1430 1851 1758 1908 tatorumque
1801 1844 1985 1910 ipsius,
2038 1845 2197 1895 Lucr.
2238 1845 2305 1894 de
2363 1847 2492 1896 Nat.

1430 1920 1555 1969 Rer.
1586 1919 1678 1969 lib.
1700 1933 1768 1970 11.
1802 1919 2038 1970 refutata
2074 1919 2141 1969 ab
2178 1920 2235 1970 S.
2264 1920 2490 1986 August.

1431 1996 1499 2046 de
1516 1996 1631 2046 Civ.
1653 1998 1759 2047 Dei
1779 2010 1883 2046 ιιι.
1905 2000 1985 2046 11.
2021 1998 2177 2048 Idem.
2480 2023 2485 2036 ι

1499 2072 1716 2121 Totidem
1746 2071 1929 2135 tanen]
1967 2071 2048 2122 Ab
2079 2073 2311 2123 absurdo
2349 2088 2492 2124 mon-

1430 2151 1567 2197 strat
1607 2161 1711 2197 non
1752 2147 1928 2210 plures
1983 2161 2101 2200 esse
2156 2146 2374 2199 mundes
2422 2165 2490 2199 ex

1429 2221 1595 2272 Arist.
1627 2222 1781 2273 Idem.
2310 2257 2315 2264 ·

1496 2296 1740 2360 Termino]
1760 2298 1954 2348 Sensus
1978 2306 2087 2350 esta
2112 2300 2164 2348 Si
2187 2301 2363 2363 plures
2384 2301 2491 2352 sint

1431 2372 1630 2436 mundi,
1651 2372 1766 2423 fore
1791 2380 1848 2424 ut
1878 2388 2138 2440 nunquam
2168 2376 2287 2424 sciri
2309 2377 2491 2439 possit,

1429 2449 1611 2499 ubisit
1633 2449 1850 2514 primus,
1882 2464 1981 2499 nec
2023 2451 2390 2515 disputationis
2427 2466 2489 2501 ac

1430 2526 1730 2589 quaestionis
1783 2525 1940 2576 finem
1975 2541 2197 2592 uuquam
2238 2526 2491 2578 futurum.

1498 2677 1651 2733 Quasi
1667 2692 1798 2741 vero,
1816 2675 1926 2742 aym]
1959 2677 2163 2742 Corpus
2181 2679 2376 2729 nullum
2401 2694 2492 2729 ex·

1431 2762 1513 2803 tra
1534 2754 1778 2803 mundum
1803 2768 1899 2816 per
1920 2763 2158 2805 naturam
2192 2769 2309 2804 esse
2332 2756 2493 2810 docet

1429 2828 1743 2878 Aristoteles
1769 2830 1930 2893 Phys.
1967 2843 2051 2880 ιν.
2073 2836 2124 2880 5.
2159 2838 2215 2881 et
2237 2832 2304 2880 de
2341 2832 2490 2882 Coelo

1429 2918 1470 2954 1.
1493 2909 1548 2954 9.
1564 2904 1755 2967 Scalig.
1771 2914 1950 2954 contra
1964 2905 2116 2956 Card.
2133 2908 2354 2957 exercit.
2378 2910 2493 2956 ³65.

1430 2993 1575 3029 num.
1600 2985 1652 3030 ὅ.
1687 2980 1842 3028 Idem.

1626 3057 1762 3106 Cu.
1788 3068 1853 3106 11.
1908 3055 2160 3116 Deforme
2179 3057 2297 3119 qius.
2324 3093 2331 3100 .

1492 3133 1720 3198 Formam
1741 3131 1843 3192 <ius
1871 3132 1924 3182 ιἰι
1960 3131 2181 3195 speciem]
2217 3133 2305 3182 De·
2324 3130 2490 3183 forma

1429 3210 1611 3261 mundi
1632 3209 1751 3257 vide
1767 3207 2112 3258 Aristotelem
2130 3208 2198 3257 de
2219 3209 2423 3258 Mundo
2439 3223 2488 3258 c.

1429 3291 1478 3336 2.
1516 3286 1672 3350 Phys.
1696 3284 1785 3334 lib.
1802 3298 1925 3336 vm.
1959 3285 2027 3334 de
2051 3285 2195 3335 Coelo
2218 3285 2308 3336 lib.
2334 3298 2400 3335 ιι.
2431 3295 2489 3334 et

1432 3362 1656 3412 Ptolem.
1674 3370 1852 3423 μογαλ.
1873 3364 2065 3422 corrue.
2093 3375 2132 3411 ι.
2165 3366 2216 3411 2.
2239 3369 2292 3411 et
2318 3362 2489 3427 Papp-

1430 3438 1717 3489 Alexandr.
1742 3452 1796 3487 v.
1817 3442 1897 3488 17.
1932 3439 2104 3487 Dalec.
2226 3471 2263 3480 ι.
2530 3470 2535 3474 -

1498 3515 1686 3579 Finem,
1719 3512 1830 3576 Era]
1873 3514 2030 3578 Apud
2076 3515 2344 3564 Philonem
2384 3515 2489 3577 By·

1430 3591 1590 3641 hlium
1641 3589 2015 3641 Sanchuuiates
2062 3590 2308 3654 Berytins
2355 3592 2492 3639 anti-

1433 3667 1706 3731 quissimus
1736 3679 1909 3716 rerum
1935 3666 2221 3715 Phoenieiae
2244 3666 2487 3727 scriptor,

1430 3742 1677 3792 mundum
1719 3742 1879 3803 ὅμοιον
1908 3743 1979 3806 τᾷ
2009 3743 2098 3791 τοῦ
2139 3743 2231 3791 ὅου
2274 3740 2491 3803 σχήματι

1431 3834 1546 3869 esse
1574 3820 1704 3870 vult.
1755 3821 1924 3871 Quam
1942 3820 2234 3883 opinionem
2257 3818 2309 3867 in
2330 3826 2490 3868 caste»

1432 3897 1504 3945 ris
1523 3910 1725 3961 quoque
1752 3894 1915 3945 refert
1946 3896 2108 3944 tacito
2141 3895 2367 3944 auctoris
2398 3909 2489 3944 nov

1432 3974 1569 4021 mine
1606 3971 1874 4021 Plutarch.
1906 3971 1972 4020 de
2005 3969 2154 4019 Plac.
2179 3969 2313 4019 Phil.
2341 3983 2402 4019 ιι.
2438 3973 2491 4019 2.

1433 4048 1626 4112 ltaque
1647 4047 1819 4097 Initiis
1850 4053 1904 4096 et
1927 4045 2104 4109 Orgiis
2131 4045 2291 4095 sacris
2313 4045 2489 4093 Liberi

1436 4125 1598 4188 patris
1619 4137 1791 4178 ovum,
1813 4128 2053 4186 tanquam
2091 4120 2260 4184 imago
2293 4118 2492 4180 muudi,

1434 4198 1819 4262 religiosissime
1839 4196 2129 4257 colebatur,
2144 4202 2357 4245 auctore
2374 4195 2491 4244 Ma·

1436 4275 1617 4327 crohio
1632 4286 1733 4325 vn.
1755 4276 1835 4325 17.
1899 4272 2111 4325 Saturu.
2132 4277 2189 4324 et
2206 4268 2489 4323 Plutarcho
