3000 4917
478 327 654 397 4552
769 402 778 405 ,
1220 347 1282 395 c.
1332 346 1573 395 num
1623 344 1954 397 snounnr

482 508 637 557 curn
683 489 876 554 testis
922 489 1362 574 compellatus
1405 492 1716 556 instaret:
1763 495 1786 526 ‘
1806 491 1943 556 Dic
1964 509 2141 576 ergo,
2170 491 2467 573 Crasse,⁵
2510 515 2679 579 qua-

419 653 430 660 .
481 592 612 656 lem
643 594 754 656 me‘
782 593 947 656 reris
965 588 1017 657 'l’
1104 591 1425 669 ‘Talem,’
1470 592 1709 675 inquit,
1755 593 2114 658 ostendens
2157 595 2229 658 in
2269 596 2506 661 tabula
2536 600 2676 680 pic-

482 701 623 757 tum
671 692 1168 759 inficetissime⁶
1197 692 1486 759 -Gassum
1532 700 1919 758 exerentem
1960 694 2270 777 linguam.
2359 696 2445 763 In
2502 696 2681 761 Foro

482 796 609 860 fuit
653 803 726 860 et
772 796 890 861 illa
934 797 1223 880 pastoris
1254 796 1436 860 senis
1464 814 1618 859 cum
1644 795 1912 873 baculo,
1942 795 2026 862 de
2057 814 2192 880 qua
2218 797 2679 863 Teutonorum

480 897 736 981 legatus
779 898 1144 983 respondit,
1185 898 1655 978 interrogatae,
1701 900 1724 931 ‘
1744 897 1981 980 quanti
2026 917 2184 968 eum
2225 896 2680 977 aestimaret,'⁷

483 1004 506 1035 ‘
523 1001 657 1066 sibi
685 1001 921 1066 donari
948 1000 1128 1066 nolle
1156 1000 1357 1065 taiem
1386 997 1664 1073 vivum‚⁸
1708 998 2106 1082 verumque.’

571 1119 687 1166 ix.
733 1104 869 1168 Sed
913 1105 1324 1188 praecipuam
1373 1102 1838 1167 auctoritatem
1884 1100 2045 1167 fecit
2104 1102 2371 1186 publice
2427 1102 2680 1168 tabulis

486 1202 718 1270 Caesar
746 1205 1055 1277 dictator,
1079 1203 1296 1288 Ajace
1325 1209 1397 1268 et
1433 1202 1679 1267 Medea
1696 1199 1721 1237 f
1750 1207 1912 1267 ante
1941 1201 2270 1268 Veneris⁸
2311 1204 2680 1271 Genitricis

484 1306 695 1370 eedem
724 1306 991 1372 dicatis.
1078 1306 1254 1371 Post
1285 1324 1441 1370 eum
1484 1303 1586 1368 M.
1614 1305 1946 1389 Agrippa,
1971 1306 2072 1370 vir
2118 1307 2478 1372 rusticitati
2525 1326 2680 1392 pro-

481 1409 640 1493 pior
663 1428 863 1493 quam
896 1409 1190 1474 deliciis.
1279 1408 1488 1472 Extat
1528 1412 1710 1472 certe
1755 1408 1907 1490 ejus
1947 1410 2163 1474 oratio
2208 1409 2588 1493 magnifica,
2617 1414 2683 1474 et

483 1512 785 1577 maximo
832 1512 1085 1576 civium
1110 1511 1329 1593 digna,
1360 1511 1446 1575 de
1496 1510 1748 1576 tabulis
1790 1510 2105 1575 omnibus
2135 1513 2478 1595 signisque
2509 1512 2683 1594 pub-

481 1612 860 1678 licandisz‘·
906 1613 1087 1695 quod
1131 1612 1273 1676 fieri
1322 1613 1542 1677 satius
1590 1611 1852 1689 fnisset,
1881 1632 2080 1695 quam
2111 1614 2181 1678 in
2210 1614 2522 1678 villarum
2563 1631 2685 1676 ex-

483 1712 607 1778 ilia
634 1714 810 1798 pelli.
897 1713 1154 1778 Verum
1186 1713 1422 1778 eadem
1450 1714 1569 1778 illa
1611 1715 1896 1778 torvitas
1943 1714 2210 1779 tabulas
2241 1715 2413 1780 duas
2439 1712 2683 1798 Ajacis

486 1824 557 1880 et
586 1814 869 1880 Veneris
914 1822 1207 1880 mercata
1250 1821 1356 1880 est
1385 1836 1430 1887 a
1460 1814 1815 1900 Cyzicenis
1856 1831 1935 1878 x.
1965 1800 2116 1880 ἶῖῑί.ι
2138 1813 2165 1852 ¹¹
2253 1815 2334 1880 In
2363 1814 2685 1881 Therma-

483 1914 663 1982 rumi
730 1934 1000 2001 quoque
1074 1918 1482 1984 calidissima
1553 1923 1743 2002 parte
1802 1917 2246 1983 marmoribus
2322 1918 2685 1983 incluserat

482 2039 735 2103 parvas
766 2020 1074 2100 tabellae,
1104 2022 1314 2104 paulo
1347 2029 1508 2086 ante
1539 2040 1691 2085 cnm
1721 2019 2160 2097 reficerentur,
2189 2020 2526 2090 sublatas.

573 2136 655 2189 x.
700 2122 918 2207 Super
945 2144 1182 2204 omnes
1210 2122 1434 2188 Divus
1462 2120 1811 2205 Augustus
1852 2121 1919 2185 in
1950 2120 2094 2186 foro
2126 2119 2285 2187 suo·i
2332 2122 2682 2187 celeberri-

480 2245 594 2290 ma
622 2227 691 2290 in
723 2234 913 2311 parte
938 2234 958 2265 ¹
1002 2227 1233 2310 posuit
1261 2225 1531 2291 tabulas
1560 2223 1748 2302 duas,
1770 2243 1925 2308 quae
1958 2224 2119 2289 belli
2150 2223 2392 2289 faciem
2423 2225 2683 2309 pictam

545 2400 571 2425 ⁸
602 2393 665 2444 In
680 2361 867 2454 publico
884 2392 1202 2457 exponendis..

1404 2483 1486 2504 m
1491 2480 1762 2503 ooo-aomo

474 2603 699 2669 primum.
686 2607 799 2651 .—5
834 2602 966 2654 Cod.
1005 2600 1193 2653 Dalec.
1226 2616 1333 2652 reus
1363 2615 1513 2664 comp.
1551 2602 1668 2652 inst.
1701 2600 1983 2666 diceretque,
2018 2602 2191 2651 Crasse
2193 2605 2306 2651 .—6
2339 2600 2470 2651 Cod.
2509 2598 2687 2652 Deiec-

480 2668 834 2726 infoedissima
837 2672 935 2715 -7
970 2667 1053 2716 Ita
1091 2667 1345 2716 Harduin.
1368 2670 1417 2715 1.
1439 2671 1488 2715 2.
1515 2669 1564 2714 3.
1588 2675 1642 2715 et
1676 2672 1901 2715 recentt.
1974 2667 2286 2716 Teutonorum
2319 2667 2508 2728 legatus
2538 2666 2685 2715 inter·

479 2737 698 2793 rogatus,
720 2731 886 2794 quanti
906 2747 1011 2780 eum
1041 2733 1317 2786 estimaret,
1347 2731 1590 2794 respondit
1619 2730 1853 2780 Gronov.
1887 2739 1942 2780 et
1966 2732 2139 2795 vnigg.
2212 2732 2470 2781 Teutonum
2501 2732 2687 2792 legatus

480 2797 826 2872 interregnum,
848 2796 1018 2861 quanti
1045 2811 1152 2857 enm
1179 2797 1457 2852 estimaret,
1484 2796 1724 2860 respondit
1759 2796 1883 2845 Vet.
1923 2795 2208 2845 nalem-8
2244 2794 2373 2846 cod.
2410 2796 2594 2845 nanee.
2613 2795 2685 2844 oi-

475 2876 588 2911 rum
609 2875 782 2910 eroum.

550 2925 683 2978 CAP.
708 2938 786 2974 rx.
854 2926 880 2972 1
918 2927 933 2953 ‘
953 2924 1234 2986 Perper-am
1259 2923 1495 2974 eruditus
1532 2923 1858 2985 Har-dutinus,
1881 2923 1952 2973 X.
1982 2920 2090 2973 III.
2123 2920 2175 2972 id
2211 2929 2311 2980 est.
2352 2924 2683 2973 denariorum

483 2989 649 3039 tribus
670 2987 934 3037 millibus?
965 2989 1180 3038 Brotier.
1252 2989 1580 3039 Harduinnm
1617 2989 1783 3037 secuti
1808 2988 2004 3037 Miller.
2024 2989 2237 3049 Bipont.
2258 2997 2313 3037 et
2333 2989 2516 3039 Franz.
2569 2987 2683 3038 HS.

484 3052 621 3105 XII.
645 3055 722 3103 M.
748 3053 980 3105 Gronov.
1002 3060 1057 3104 et
1082 3054 1257 3119 vnlgg.
1328 3053 1443 3104 HS.
1471 3054 1643 3104 XIII.
1669 3053 1823 3104 codd.
1844 3053 2024 3103 Daiec.
2049 3060 2106 3102 et
2129 3051 2299 3103 Chiffl.

1478 3216 1527 3268 N
1535 3216 1693 3267 01*AE

481 3328 567 3378 Ibi
592 3334 646 3378 et
668 3329 849 3378 Curias
870 3331 1093 3380 Veteres
1124 3330 1284 3382 fuisse
1313 3333 1545 3397 suspica·
1691 3340 1717 3375 Ι
1750 3329 1880 3380 Ante
1903 3329 2120 3392 Veneris]
2155 3330 2387 3393 Regione
2409 3330 2569 3380 Urbis
2601 3343 2687 3380 oe·

481 3418 617 3468 mur,
651 3405 719 3453 de
750 3404 935 3467 quibus
955 3406 1123 3457 Varro
1146 3407 1213 3457 de
1240 3406 1391 3471 [sing.
1424 3408 1542 3458 Lat.
1627 3411 1853 3459 tava.—‘
1879 3407 2021 3460 Quid
2056 3409 2126 3457 sit
2163 3407 2180 3434 ‘
2199 3407 2379 3456 Venus
2411 3405 2687 3457 Genitrix'

480 3478 499 3511 ‘
528 3481 699 3531 Curiae
738 3480 955 3530 duorum
998 3497 1276 3545 generum:
1327 3498 1445 3534 uam
1486 3491 1545 3534 et
1627 3485 1845 3536 diximus
1869 3485 1932 3533 ad
1957 3484 2045 3533 lib.
2068 3497 2130 3532 ιι.
2155 3497 2204 3533 c.
2227 3481 2330 3532 23.’
2365 3482 2465 3531 Ed.
2485 3496 2581 3531 sec.

482 3557 569 3607 nbi
611 3563 856 3607 curarent
891 3559 1188 3608 sacerdotes
1212 3574 1292 3609 res
1315 3559 1541 3623 divinas,
1691 3568 1716 3602 h
1748 3569 1820 3619 Χ.
1842 3553 1957 3617 ‘1-1'1‘,
1983 3565 2081 3630 [X.
2118 3563 2256 3626 ΙΙΙ.]
2288 3563 2378 3611 Ita
2413 3563 2549 3612 Mss.
2583 3575 2688 3609 om·

461 3643 542 3685 ›nt
565 3635 735 3684 Curia
759 3640 990 3699 veteres,
1021 3643 1077 3684 et
1114 3635 1197 3684 nbi
1228 3643 1432 3685 senatus
1453 3636 1544 3685 hu·
1623 3661 1737 3696 neg,
1805 3644 1924 3694 1-100
1947 3651 2048 3705 θα,
2075 3641 2340 3690 denarium
2375 3638 2545 3689 tribus
2576 3639 2686 3687 mn.

483 3726 677 3769 mauas,
712 3718 773 3761 nt
802 3712 960 3762 Curia
991 3711 1236 3768 Hostilia.
1270 3710 1407 3762 fuit)
1471 3714 1545 3762 Et
1624 3722 1790 3772 libus·
1825 3722 1953 3776 give,
1994 3718 2131 3783 quod
2178 3718 2317 3767 idem
2356 3725 2457 3770 est,
2495 3725 2685 3765 ,eneg-

484 3789 661 3839 Livins
700 3788 790 3836 lib.
827 3801 981 3838 xuv.
1016 3804 1069 3852 p.
1108 3793 1224 3839 666.
1260 3788 1452 3838 ‘AEdes
1476 3789 1543 3838 P.
1627 3800 1752 3848 tium
1817 3795 2071 3849 duodenis
2126 3793 2368 3843 millibus.
2466 3791 2686 3843 Gallicae

481 3863 716 3914 Africani
754 3879 891 3928 pone
924 3865 1145 3915 Veteres
1176 3866 1240 3916 ad
1265 3867 1544 3916 Vortumni
1625 3880 1848 3924 moneta
1871 3872 2025 3922 libras
2048 3870 2250 3920 faciunt
2273 3872 2416 3918 1200.

480 3940 719 4004 signum)
785 3941 906 3991 Fuit
930 3956 1085 4005 porro
1102 3944 1375 3993 Vortumni
1402 3943 1544 3992 aedes
1664 3949 1782 3999 11η
1800 3947 2129 4010 Ther-mmai]
2165 3945 2409 3994 Thermae
2433 3941 2687 4006 Agrippa

483 4022 534 4071 in
551 4030 735 4070 octava
753 4022 985 4084 regione,
1003 4023 1055 4072 in
1078 4038 1179 4089 qna
1200 4031 1259 4074 et
1280 4025 1463 4074 Forum
1485 4031 1545 4074 et
1625 4027 1836 4087 regione
1859 4023 2016 4074 Urbis
2040 4036 2177 4072 nona
2197 4019 2362 4069 fuere.

484 4097 693 4155 Rostra,
718 4111 785 4146 ex
809 4098 876 4147 P.
900 4098 1136 4148 Victore.
1683 4101 1701 4145 J
1732 4102 1796 4150 Iu
1818 4100 1932 4162 soro
1968 4097 2077 4161 suo]
2121 4099 2310 4147 Forum
2351 4096 2601 4160 Augusti,
2634 4096 2685 4145 in

553 4170 573 4206 ¹
595 4172 746 4233 Aiace
766 4178 814 4222 et
835 4173 1032 4237 Medea]
1072 4174 1269 4239 Attigit
1306 4176 1404 4227 hoc
1429 4177 1542 4240 jam
1623 4179 1836 4242 regione
1861 4176 2016 4229 Urbis
2038 4180 2246 4226 octava.

484 4259 639 4303 autea
664 4249 864 4300 Plinius
887 4262 986 4300 vu.
1004 4254 1087 4300 39.
