3000 4917
846 420 1021 469 rur.
1069 415 1267 467 ms'r.
1318 417 1463 470 ma.
1510 414 1798 466 xxxiv.
1842 402 1947 467 17.
2329 403 2503 469 4441

304 566 422 628 aut
451 559 745 626 fictilia·
793 560 1089 628 Deorum
1140 560 1506 626 simulacra
1550 561 1617 624 in
1663 557 1959 640 delubris
1999 559 2245 632 dicata,
2286 559 2498 646 usque
2591 603 2600 612 -

302 662 386 726 ad
433 661 770 727 devictam
811 665 1069 739 Asiam,
1104 663 1280 727 unde
1329 662 1649 727 luxuria.⁶
1735 661 2224 727 Similitudines
2271 665 2505 747 expri-

299 764 525 828 mendi
555 785 709 848 quae
743 766 958 847 prima
987 764 1184 828 suerit
1214 764 1424 845 origo,
1449 765 1519 827 in
1553 784 1637 830 ea
1666 783 1868 848 quam
1901 764 2273 849 plasticen⁰
2302 765 2501 830 Grae-

302 864 365 926 ci
394 869 665 940 vocant,
696 864 831 929 dici
873 865 1373 931 convenientius
1419 868 1576 930 erit:
1622 867 1866 930 etenim
1896 866 2099 948 prior,
2131 885 2332 949 quam
2364 875 2495 931 sta-
2602 922 2612 933 .

301 967 546 1042 tuaria,
586 965 769 1033 suit.
844 967 984 1032 Sed
1038 967 1231 1032 haecP
1287 968 1385 1031 ad
1428 967 1754 1032 infinitum
1808 966 2094 1032 effloruit
2139 967 2497 1032 multorum

296 1068 717 1144 voluminum
778 1088 1012 1151 opere,
1066 1070 1128 1133 si
1179 1069 1335 1153 quis
1395 1070 1591 1152 plura
1647 1070 1961 1153 persequi
2009 1070 2205 1133 velit:
2271 1065 2498 1133 omnia

290 1172 475 1232 enim
506 1169 660 1251 quis
691 1171 906 1253 possit
921 1173 951 1235 'l
973 1178 1000 1222 ⁷

382 1279 590 1334 xvu.
639 1269 722 1334 In
762 1269 864 1334 M.
902 1270 1138 1337 Scauri
1162 1281 1190 1308 ⁸
1228 1272 1551 1338 aedilitate
1602 1274 1733 1339 tria
1781 1272 1990 1339 millia
2039 1274 2377 1355 signorum
2426 1271 2493 1335 iu

294 1373 510 1436 scena
538 1375 798 1438 tantum
829 1372 1019 1438 fuere
1051 1373 1458 1457 temporario
1477 1371 1507 1411 ¹²
1545 1374 1844 1441 theatro.¹¹
1934 1374 2352 1441 Mummius⁶
2375 1372 2493 1436 de-

1211 1538 1514 1560 eeeemeee
1520 1538 1581 1561 00

289 1640 320 1684 5
358 1633 506 1684 Idem
532 1621 668 1686 rVet.
692 1642 849 1687 tamea
884 1643 1102 1703 putarem
1124 1655 1241 1690 esse.
1299 1640 1462 1690 Paulo
1501 1647 1638 1705 post,
1677 1639 1795 1690 cod.
1829 1640 2012 1690 Dalec.
2052 1645 2237 1690 centum
2267 1644 2315 1689 et
2335 1640 2492 1687 decem

288 1703 561 1750 “dmm
583 1703 726 1762 tigna
754 1701 1111 1753 Vulsinios—6
1142 1706 1265 1755 Vet.
1309 1706 1496 1755 Delec.
1532 1707 1658 1755 unde
1694 1706 1887 1768 irrepsit
1919 1710 1970 1754 et
1999 1705 2303 1755 luerim—‘1
2338 1702 2487 1753 Idem

289 1763 417 1816 Vet-
440 1767 703 1817 mnarum
718 1767 979 1831 {ungium
992 1784 1037 1819 ο.
1060 1769 1106 1818 si
1120 1769 1228 1833 quis
1241 1770 1404 1834 plnres
1416 1786 1472 1834 p.
1494 1770 1613 1821 velit
1627 1787 1646 1821 .·
1667 1784 1825 1820 oms
1838 1769 1982 1834 enin,
2006 1771 2087 1833 ᾄτ.

1280 1900 1500 1949 ΝΟΤΕ

349 2000 375 2026 ¹¹
407 1991 733 2058 Antficiilh]
765 1994 891 2058 Ipsa
909 1994 1056 2047 Jovis
1079 1996 1276 2059 efligies
1297 1999 1350 2047 in
1429 2012 1495 2046 ex
1519 1996 1727 2061 publico
1747 1994 2137 2047 dotaverit.’—‘
2155 1994 2248 2045 Est
2271 1995 2322 2044 in
2344 1995 2492 2045 AEne-

286 2066 551 2130 Capitolio
586 2084 617 2116 a
650 2070 929 2132 Tarquinio
958 2069 1143 2122 Prisco
1171 2073 1351 2123 dicata
1426 2074 1516 2124 ide
1544 2075 1690 2124 locus
1723 2074 1788 2123 ab
1828 2071 2203 2135 interpretibus
2238 2071 2487 2119 hactenm

283 2141 460 2191 fictilis
477 2142 598 2207 fuit,
617 2145 690 2195 ita
706 2146 962 2209 prodente
980 2148 1153 2199 Plinio
1176 2162 1350 2199 xxxv.

285 2224 370 2269 45.

1428 2159 1751 2213 praepostere
1788 2151 2107 2209 intellectus,
2139 2161 2212 2197 vi.
2236 2152 2350 2197 831.
2372 2164 2486 2213 sqq.

1426 2229 1443 2254 ‘
1466 2223 1760 2290 Aggeribus
1783 2241 1929 2275 socer
1948 2223 2153 2289 Alpinis
2189 2231 2344 2289 atque
2366 2238 2485 2273 arce

342 2302 370 2328 ⁸
403 2287 565 2352 Quam
594 2298 852 2362 plasticen]
888 2300 1189 2351 Fiotrieem.
1248 2300 1348 2351 Ars
1378 2311 1387 2320 ’
1427 2300 2043 2361 Μοηωοίῡεεοειιᾶεηος
2075 2312 2235 2362 gener
2251 2298 2486 2350 adversis

285 2377 364 2420 est
387 2385 456 2422 ex
484 2372 672 2435 argilla
691 2376 773 2422 vel
805 2384 952 2426 creta
976 2391 1145 2427 rerum
1167 2377 1347 2427 simili-

283 2443 496 2498 tudines
518 2448 840 2510 exprimens.

340 2530 368 2563 P
399 2522 503 2572 Sed
524 2524 649 2586 hac]
679 2524 965 2587 statuaria,
988 2541 1053 2576 ex
1078 2542 1203 2579 aare.

343 2606 369 2633 ⁸
401 2599 467 2649 Ῑιι
491 2600 569 2647 Μ.
597 2600 794 2662 Scauri]
827 2601 913 2650 De
950 2616 1013 2651 eo
1049 2604 1212 2652 multa
1248 2602 1344 2654 Αι-

1423 2376 1707 2426 instructus
1727 2377 1867 2426 Eois.
1938 2375 2040 2437 Ne,
2064 2374 2226 2437 pueri,
2248 2388 2312 2423 ne
2338 2380 2486 2422 tanta

1425 2452 1611 2501 animis
1646 2451 1925 2501 assuescite
1948 2450 2117 2500 bella:
2159 2451 2275 2499 Neu
2299 2450 2482 2511 patriae

1425 2528 1620 2578 validas
1652 2529 1704 2578 in
1734 2529 1933 2577 viscera
1954 2526 2150 2576 vertite
2177 2525 2343 2575 vires:
2377 2526 2483 2574 Tu·

1422 2617 1524 2667 qne
1558 2605 1717 2668 prior.
1741 2610 1797 2653 tu
1831 2616 2009 2665 parce,
2029 2615 2191 2665 genus
2213 2601 2303 2665 qui
2334 2600 2481 2651 ducis

279 2675 462 2725 conius
504 2675 725 2725 Pedian.
758 2677 809 2725 in
851 2677 1002 2727 Orat.
1038 2680 1207 2730 Cicer.
1250 2694 1343 2742 pro
1422 2679 1684 2744 Olymp03
1726 2679 1931 2743 Projice
1954 2679 2061 2729 tela
2081 2678 2482 2741 mann,sangnis

278 2764 365 2799 eo:
413 2751 585 2799 multa
621 2750 824 2801 Plinius
861 2752 1116 2815 similiter,
1154 2755 1220 2803 de
1253 2769 1341 2818 ge·

276 2839 400 2876 nere
435 2827 570 2890 ejus,
605 2826 672 2876 de
706 2826 954 2891 moribus,
988 2837 1040 2878 et
1066 2829 1339 2894 aedilitate,

278 2915 481 2953 xxxvi.
502 2907 587 2952 24.

334 2977 359 3011 ¹³
396 2978 725 3043 Temporario]
758 2980 863 3030 Vix
898 2996 998 3031 nno
1035 2998 1213 3036 meuse
1246 2983 1340 3033 du-

276 3063 478 3118 tuturo,
521 3061 582 3102 nt
624 3055 830 3105 dicetur
879 3071 1085 3108 xxxvi.
1127 3062 1178 3110 2.
1221 3075 1337 3110 cum

275 3138 411 3178 stent
438 3131 490 3177 in
514 3130 662 3179 Urbe
687 3139 882 3181 cetera.
949 3133 1336 3197 Temporariam

273 3205 385 3266 ejus
412 3206 607 3254 theatri
630 3220 822 3256 moram
842 3208 1040 3258 Plinius
1065 3209 1138 3259 ait
1160 3209 1338 3273 fuisse,

270 3281 385 3329 loco
410 3281 653 3344 proxime
673 3281 858 3331 citato.

329 3363 352 3389 ⁰
383 3353 680 3415 Mummius]
719 3354 973 3406 Achaicus
999 3358 1105 3415 ille.
1131 3360 1197 3409 de
1230 3376 1333 3425 qno

271 3446 360 3481 nos
400 3433 530 3481 alias
569 3434 776 3496 saepius.
836 3432 1018 3485 Aut-el.
1049 3436 1235 3486 Victor
1266 3438 1334 3488 de

271 3507 407 3557 Viris
466 3507 666 3556 Illustr.
714 3521 831 3570 cap.
879 3513 962 3557 6⁰.
1013 3511 1334 3562 ‘Mummius

271 3583 574 3633 Corinthum
625 3584 782 3644 signis
831 3584 1122 3652 tabulisque
1175 3590 1331 3651 spoli·

269 3658 406 3707 avit:
461 3656 652 3723 quibus
696 3673 814 3708 cum
866 3667 1041 3710 totam.
1080 3664 1334 3725 replesset

186 3775 191 3780 .
262 3733 493 3794 Italiam,
527 3734 581 3781 iu
616 3733 824 3784 domum
861 3748 1006 3785 snam
1048 3737 1173 3787 nihil
1207 3753 1330 3789 eon-

265 3809 420 3859 tulit.’
485 3810 578 3859 Sic
631 3811 875 3873 Epitome
920 3813 1057 3863 Livii
1099 3816 1191 3864 lib.
1230 3830 1329 3866 ιη.

262 3885 547 3935 Frontinus
576 3886 811 3950 Strateg.
845 3900 923 3938 tv.
955 3892 1006 3937 3.
1034 3892 1052 3920 ‘
1073 3891 1134 3940 1..
1159 3892 1328 3941 Mum·

263 3962 410 4023 mins,
447 3960 540 4025 qui
581 3961 832 4011 Corintho
868 3972 1045 4028 capta,
1080 3980 1181 4016 non
1219 3967 1327 4017 Ita·

260 4036 379 4085 liam
423 4037 615 4098 solum,
656 4036 751 4086 sed
807 4039 962 4089 etiam
1009 4043 1325 4104 provinciam

263 4111 452 4159 tabulis
506 4112 803 4176 statuisque
857 4117 1148 4178 exornavit,
1195 4118 1325 4168 adeo

262 4186 383 4235 nihil
405 4202 471 4236 ex
494 4189 658 4236 tantis
682 4189 938 4238 manubiis
961 4190 1013 4240 in
1038 4206 1183 4241 sunm
1207 4208 1323 4244 eon·

1419 2767 1582 2803 meus.
1651 2755 1751 2803 Ille
1781 2753 2096 2818 triumphata
2118 2753 2383 2815 Capitolia
2412 2752 2481 2801 ad

1421 2832 1528 2880 alta
1567 2828 1821 2881 Corintho
1861 2831 2048 2879 Victor
2087 2837 2210 2894 aget
2250 2843 2478 2892 currum,

1417 2906 1571 2954 caesis
1616 2906 1830 2969 insignis
1870 2905 2100 2955 Achivis.
2177 2906 2340 2954 Eruet
2386 2904 2475 2954 ille

1417 2982 1607 3046 Argos,
1629 2981 2166 3046 Agamemnoniasque
2200 2982 2475 3044 Mycenas,

1414 3059 1699 3124 Ipsumque
1733 3058 2017 3120 AEacidem,
2051 3073 2213 3121 genus
2251 3060 2475 3120 armipo-

1414 3134 1574 3203 tentis
1618 3133 1878 3183 Achilleiz
1935 3135 2088 3184 Ultus
2129 3148 2252 3183 avos
2287 3134 2472 3197 Trojoe,

1413 3209 1607 3272 templa
1629 3216 1686 3257 et
1710 3215 1957 3257 temerata
1979 3207 2272 3257 Minervas!
2312 3210 2328 3236 ⁸
2349 3209 2474 3258 Ille’

1408 3297 1529 3332 cum
1551 3283 1693 3337 dicit,
1718 3282 1857 3346 prius
1882 3283 2195 3346 appellatum
2220 3295 2250 3332 e
2273 3284 2471 3334 duobus

1411 3359 1647 3422 proxime
1681 3359 2107 3419 commemoratis,
2141 3359 2237 3407 hoc
2270 3365 2370 3421 est,
2392 3376 2473 3410 so·

1409 3447 1608 3495 cerum,
1642 3434 1730 3497 qui
1763 3432 1937 3484 Julius
1976 3435 2171 3496 Caesar,
2210 3434 2465 3497 designat.

1408 3511 1460 3560 N
1465 3526 1546 3559 am
1564 3511 1617 3558 in
1638 3510 1734 3560 hac
1756 3510 2055 3559 recensione
2076 3511 2300 3560 virorum
2326 3513 2470 3560 illus-

1410 3585 1567 3634 trium
1601 3586 1832 3635 ordinem
1859 3592 2145 3647 tempornm
2181 3596 2352 3635 servat
2389 3587 2467 3634 di·

1405 3660 1648 3721 ligenter.
1718 3659 1905 3723 Itaque
1947 3667 2069 3722 post
2112 3660 2367 3709 Caesarem
2410 3672 2467 3711 et

1407 3735 1714 3799 Pompeium
1766 3741 2084 3798 praepostere
2139 3748 2201 3782 ac
2247 3735 2467 3787 ridicule

1406 3809 1714 3860 Mummium
1770 3809 2073 3869 Achaicum,
2114 3809 2202 3871 qui
2253 3820 2463 3861 centnm

1403 3895 1527 3936 ante
1555 3888 1701 3936 annis
1729 3885 1878 3947 obiit,
1907 3885 2211 3947 denotaret3
2249 3894 2306 3934 et
2336 3888 2466 3938 satis

1403 3965 1734 4028 negligenter
1774 3962 2001 4026 quidem,
2044 3976 2148 4011 non
2199 3966 2462 4026 appellato

1402 4055 1467 4090 eo
1510 4040 1577 4089 de
1615 4039 1842 4100 nomine,
1881 4052 1996 4087 cum
2043 4045 2246 4087 ceteros
2282 4054 2460 4090 omnes

1402 4117 1650 4179 appellet.
1740 4116 1823 4164 De
1870 4114 2073 4177 populis
2116 4114 2458 4178 triumphasse

1400 4193 1658 4241 Goesarem
1704 4191 1869 4254 ipsum
1916 4190 2001 4240 hic
2050 4189 2197 4253 dicit,
2241 4205 2454 4254 qnorum

262 4262 435 4328 vertit,
455 4270 516 4313 ut
537 4261 702 4314 filiam
725 4265 835 4327 ejus
865 4265 1071 4331 inopem
1102 4268 1322 4319 Senatus
1396 4267 1619 4330 majores
1672 4265 1724 4315 in
1772 4263 2037 4315 obsidione
2080 4265 2247 4327 Trojae
2286 4263 2453 4318 fuere.
