3000 4917
458 400 634 469 4938
1436 409 1684 461 mnssx

456 559 774 616 Patarensis,
799 573 829 609 e
855 559 1028 625 Lyciae
1053 558 1285 609 civitate.
1351 556 1577 622 Scripsit
1603 561 1799 621 praeter
1823 552 1920 604 ista
1943 555 2189 605 Mnaseas
2213 553 2510 620 Pei-imum,
2537 554 2677 605 teste

458 641 642 692 eodem
680 639 868 692 Athen.
906 640 995 690 lib.
1031 653 1156 689 νιιι.
1193 655 1244 703 p.
1275 643 1391 688 831.
1412 638 1500 701 qui
1534 645 1587 687 et
1613 638 1799 686 librum
1828 637 2113 686 secundum
2137 638 2204 686 de
2230 638 2352 687 Asia
2374 639 2529 700 citat,
2557 650 2679 699 pag.

458 727 572 773 346.
631 722 837 773 Graecae
879 721 1051 786 gentis
1093 736 1199 772 non
1238 722 1491 770 obscurus
1530 720 1757 784 scriptor
1797 726 2014 768 vocatur
2052 734 2086 767 a
2126 720 2432 782 Columella,
2473 732 2583 768 xu.
2623 722 2676 768 4.

461 820 513 869 p.
536 809 678 856 414.-

523 885 770 936 Mnesides
805 885 1037 934 Medicus.
1084 883 1171 933 Sic
1197 897 1313 932 enm
1340 884 1635 932 Priscianus
1673 890 1828 932 vocat
1864 882 1956 932 lib.
1987 870 2202 932 νι.’707.
2228 882 2317 932 ubi
2341 897 2408 932 ex
2431 881 2677 931 Pliniano

457 966 643 1016 Indice
666 966 899 1031 quoedam
921 966 1231 1029 scriptorum
1275 966 1480 1013 nomina
1517 964 1772 1027 referens,
1810 964 1885 1013 sic
1910 965 2021 1014 ait:
2057 964 2120 1012 Iu
2145 964 2248 1013 XI.
2269 966 2564 1014 Menecrate.
2615 963 2681 1011 Iis

460 1047 594 1096 XII.
615 1047 853 1097 Mne-side.
888 1048 977 1098 Sic
1000 1047 1159 1097 etiam
1181 1047 1427 1097 scribitur
1450 1047 1591 1110 apud
1614 1047 1840 1096 Plinium
1861 1047 2050 1111 ipsum,
2076 1057 2173 1097 xx.
2196 1049 2280 1097 76.
2300 1046 2356 1096 in
2379 1046 2516 1095 Mss.
2540 1045 2682 1107 Reg·

456 1132 504 1180 1.
527 1131 575 1176 2.
597 1127 746 1177 Colb.
769 1131 869 1177 ὅτε.

519 1209 840 1271 Mnesigiton.
877 1208 1082 1260 Graecis
1105 1207 1451 1271 Μνησιγείτων.

473 1325 482 1332 ,
520 1290 818 1339 Mnesitheus
839 1289 1173 1341 Atheniensis
1211 1292 1461 1351 medicus,
1493 1289 1756 1349 Μνησίθεος
1787 1290 2076 1340 Plutarcho
2100 1290 2151 1340 in
2175 1291 2381 1342 Quaest.
2404 1290 2599 1339 Natur.
2624 1300 2679 1353 p·

453 1373 569 1421 918.
607 1370 732 1434 Ejus
756 1371 1043 1434 Epistolam
1066 1371 1173 1436 περὶ
1194 1374 1486 1433 κωθωνισμοῦ
1509 1373 1685 1423 laudat
1708 1372 1997 1422 Athenaeus
2022 1371 2109 1421 lib.
2134 1384 2214 1423 xt.
2239 1385 2290 1433 p.
2305 1374 2423 1421 48³.
2459 1369 2675 1420 Librum

451 1453 513 1501 de
537 1450 747 1514 Eduliis,
766 1449 869 1515 περὶ
891 1452 1117 1517 ἐδεστῶν,
1142 1452 1234 1502 lib.
1262 1467 1348 1502 ιιι.
1386 1469 1436 1518 p.
1472 1458 1555 1504 80.
1581 1456 1719 1503 unde
1742 1455 1913 1504 Varro
1937 1454 2174 1518 quaedam
2199 1452 2467 1515 excerpsit
2493 1451 2560 1500 de
2586 1465 2677 1499 va·

455 1531 547 1582 riis
570 1532 673 1582 vini
698 1533 995 1598 generibus,
1030 1549 1145 1598 quae
1181 1533 1382 1583 Gellius
1419 1534 1581 1585 refert
1615 1548 1743 1585 xm.
1776 1539 1858 1586 30.
1893 1549 1945 1598 p.
1973 1538 2088 1583 730.
2155 1535 2243 1582 De
2267 1533 2477 1582 coronis
2499 1532 2675 1594 egisse

453 1613 651 1665 dicitur
672 1614 727 1664 in
746 1614 930 1665 Indice
954 1615 1198 1665 Pliniano
1221 1615 1311 1665 lib.
1336 1629 1456 1666 xxi.
1526 1617 1629 1666 Hic
1665 1617 1893 1680 scripsit,
1916 1616 2088 1680 inquit
2110 1614 2305 1664 Athen.
2325 1613 2415 1662 lib.
2442 1627 2484 1663 1.
2509 1627 2562 1676 p.
2589 1614 2677 1660 22.

454 1709 705 1761 responso
742 1696 953 1760 Pythiae
978 1696 1386 1747 Atheniensibus
1402 1700 1606 1762 jussum
1632 1713 1765 1756 esse,
1787 1705 1846 1748 ut
1870 1697 2136 1747 Bacchum
2165 1695 2434 1747 Medicum
2455 1706 2675 1743 venera·

454 1783 669 1828 rentur:
706 1778 804 1828 hoo
823 1785 925 1840 est,
947 1785 1005 1827 ut
1029 1781 1079 1828 vi
1101 1779 1306 1829 medica
1329 1779 1434 1829 vini
1458 1786 1752 1830 uterentur.
1852 1807 1861 1812 -
2036 1812 2041 1818 -

463 1891 468 1898 ·
518 1858 767 1908 Moschion
791 1859 1008 1921 Groeous,
1029 1860 1095 1909 de
1116 1861 1365 1923 Raphano
1389 1861 1625 1911 condidit
1651 1861 1913 1922 volumen,
1939 1865 2077 1909 teste
2095 1858 2271 1909 Plinio
2294 1870 2418 1908 xix.
2441 1861 2526 1907 26.
2564 1853 2673 1905 Ex·

455 1946 532 1990 tat
552 1940 604 1989 in
628 1940 996 2003 Gynaeciorum
1022 1942 1165 1991 libris
1189 1940 1471 2008 Μοσχίωνος
1489 1943 1595 2007 περὶ
1615 1942 1894 2005 γυναικείων
1911 1944 2090 1997 παθῶν,
2110 1942 2169 1990 de
2183 1938 2448 1989 Mulierum
2463 1938 2674 1995 Morbis.

451 2038 616 2087 opus:
653 2038 769 2073 cum
794 2023 905 2073 aliis
927 2025 1191 2089 excerptis
1218 2039 1279 2074 ex
1306 2025 1608 2090 Cleopatra,
1645 2032 1702 2073 et
1724 2024 2032 2075 Moschioue
2054 2021 2196 2072 forte
2217 2022 2400 2071 altero.
2468 2019 2577 2068 Sed
2603 2033 2673 2068 ex

451 2104 515 2155 iis
539 2106 844 2155 alterutrum
864 2120 894 2154 e
918 2106 1093 2156 Plinio
1118 2106 1315 2156 laudari
1338 2106 1595 2156 existimo.
1661 2104 1881 2169 Scripsit
1912 2110 1969 2154 et
2002 2104 2135 2153 alter
2157 2101 2397 2152 fortassis
2419 2098 2674 2164 Μοσχίων,

449 2187 519 2237 ab
541 2186 621 2238 his
641 2186 892 2249 diversus,
913 2186 1145 2237 libellum
1167 2188 1233 2237 de
1259 2187 1308 2237 N
1315 2203 1412 2238 ave
1438 2188 1686 2239 Hieronis
1708 2185 1997 2252 Syracusii,
2021 2185 2158 2250 apud
2193 2183 2387 2235 Athen.
2413 2183 2507 2234 lib.
2533 2197 2592 2235 v.
2617 2198 2675 2246 p.

450 2272 565 2318 206.
585 2283 652 2318 ex
673 2282 772 2333 quo
798 2276 927 2319 setas
950 2270 1218 2333 scriptoris
1243 2270 1476 2320 discitur.

464 2382 470 2390 ·
514 2348 787 2399 Mucianus.
820 2350 955 2398 Vide
978 2349 1193 2399 Licinius
1217 2350 1491 2401 Mucianus.

513 2429 727 2478 Mundus
749 2430 1009 2480 Dossenus.
1038 2430 1176 2480 Vide
1203 2432 1446 2482 Dossennis
1471 2432 1699 2482 Mundus.

518 2511 735 2560 Musteus
754 2510 946 2573 Poeta,
981 2511 1177 2575 Orphei
1214 2513 1520 2577 discipulus,
1562 2513 1871 2564 Eleusinins.
1939 2511 2064 2563 Fuit
2101 2516 2157 2561 et
2191 2507 2328 2561 alter
2362 2525 2427 2561 eo
2451 2510 2669 2561 nomine

446 2591 745 2654 Thebanus,
766 2592 854 2656 qui
875 2593 1086 2656 Trojani
1112 2592 1233 2643 belli
1272 2602 1510 2658 tempore
1550 2595 1770 2660 Lyricos
1811 2609 1989 2644 versus
2022 2593 2251 2657 scripsit.
2318 2592 2669 2644 Alteruterno

449 2685 517 2720 ex
539 2672 620 2736 iis,
642 2687 763 2721 num
787 2673 851 2723 al)
873 2674 936 2722 iis
959 2673 1196 2725 diversus
1218 2675 1476 2740 quispiam
1498 2678 1793 2740 assignetur
1814 2691 1843 2725 a
1861 2676 2049 2741 Plinio,
2073 2672 2288 2724 difficile
2303 2681 2386 2723 est
2404 2682 2666 2724 statuere.

450 2754 684 2802 Hesiodo
708 2762 949 2817 uterque,
976 2769 1126 2818 quem
1153 2755 1354 2805 Plinius
1375 2758 1579 2806 Musaeo
1605 2757 1885 2821 preponit,
1905 2756 2061 2820 longe
2086 2755 2366 2818 antiquior.

514 2830 753 2896 Myrsilus
774 2833 1007 2891 Lesbius,
1031 2837 1275 2898 Μύρσιλος
1292 2834 1513 2902 Λέσβιος,
1551 2837 1718 2901 inquit
1747 2838 1990 2887 Clemens
2033 2834 2186 2885 Alex.
2218 2835 2271 2884 in
2307 2835 2588 2900 Protrept.
2614 2851 2667 2901 p.

444 2919 528 2964 20.
563 2915 814 2964 Lesbiaco
835 2916 1148 2979 composuit,
1172 2923 1231 2967 ut
1252 2924 1434 2967 auctor
1455 2924 1540 2968 est
1565 2917 1860 2982 Antigonus
1896 2916 2191 2981 Carystius,
2213 2930 2259 2965 c.
2283 2919 2334 2967 5.
2361 2920 2441 2966 17.
2468 2924 2524 2967 et
2551 2921 2664 2969 129.

444 2995 654 3046 Laudat
676 3009 793 3046 eum
817 2996 1007 3046 Strabo
1032 2996 1123 3047 lib.
1145 3007 1271 3048 xtn.
1295 3013 1348 3063 p.
1367 3003 1483 3050 617.

1508 3134 1580 3183 Ν.

453 3269 459 3274 -
510 3239 775 3290 Nearchus.
808 3242 861 3292 Is
887 3239 1172 3292 Alexandri
1198 3243 1408 3295 navium
1445 3244 1784 3310 gubernator,
1814 3258 1932 3294 cum
1952 3258 2018 3294 eo
2039 3242 2299 3308 militavit,
2321 3257 2387 3293 ac
2411 3242 2481 3291 de
2503 3238 2661 3291 rebus

442 3318 508 3368 ab
531 3334 594 3370 eo
617 3324 780 3386 gestis
802 3324 1016 3389 scripsit
1049 3324 1336 3389 historiam,
1376 3340 1529 3391 quam
1569 3326 1760 3376 Strabo
1799 3326 1977 3375 laudat
2000 3325 2090 3375 lib.
2118 3339 2216 3375 xv.
2241 3339 2295 3389 p.
2314 3327 2432 3374 686.
2452 3328 2510 3371 et
2532 3319 2660 3371 alibi

443 3403 664 3466 passim:
700 3400 911 3453 Curtius
949 3406 1093 3464 item,
1134 3406 1386 3457 Arrianus
1425 3408 1477 3457 in
1516 3407 1732 3470 Indicis,
1768 3422 1820 3470 p.
1840 3411 1955 3456 544.
1995 3415 2052 3456 et
2089 3406 2295 3456 suidas.
2364 3405 2429 3454 In
2469 3402 2659 3457 insula,

443 3497 599 3547 quam
622 3483 783 3532 Indus
808 3486 969 3533 amnis
991 3486 1043 3534 in
1066 3486 1197 3535 ostio
1220 3485 1369 3551 facit,
1392 3488 1582 3537 Patale
1617 3487 1780 3550 dicta,
1815 3488 2073 3552 sepultum
2107 3485 2273 3537 tradit
2295 3485 2658 3535 Philostratus

442 3563 510 3613 de
538 3564 655 3612 Vita
681 3563 836 3628 Apol.
862 3579 948 3614 ιιι.
975 3569 1054 3614 15.
1077 3581 1129 3629 p.
1156 3570 1270 3618 156.

508 3647 758 3708 Necepw‘.
780 3645 983 3697 Groecis
1005 3646 1249 3711 Νεκεψῶς.
1291 3651 1307 3680 ‘
1333 3649 1548 3716 AEgypti
1578 3651 1875 3715 Imperator
1902 3648 2242 3715 justissimus,
2263 3655 2320 3697 et
2343 3645 2655 3710 Astrologus

441 3726 593 3776 valde
620 3725 820 3792 honus‚’
841 3726 1008 3792 iuquit
1030 3729 1199 3780 Julius
1218 3730 1472 3781 Firmicus
1495 3746 1580 3783 ιν.
1603 3737 1684 3781 16.
1729 3733 1813 3782 De
1837 3731 1926 3781 illo
1951 3729 2240 3780 Ausonius:
2265 3730 2281 3759 ‘
2301 3728 2513 3791 Quique
2537 3728 2654 3776 Ma·

440 3822 533 3870 gos
554 3807 731 3857 docuit
755 3810 1000 3874 mysteria
1025 3825 1154 3860 vana
1174 3812 1478 3877 Necepsos!
1526 3814 1755 3878 Νεχεψὼς
1773 3815 1799 3861 ὁ
1820 3812 2050 3870 βασιλεὺς
2075 3812 2272 3860 citatur
2301 3824 2330 3858 a
2355 3809 2562 3859 Galeno
2587 3809 2653 3859 de

439 3887 643 3937 Facult.
671 3890 833 3953 Simp.
858 3891 1051 3940 Medic·
1073 3904 1152 3940 Π.
1178 3897 1227 3943 2.
1253 3907 1304 3956 p.
1327 3898 1442 3945 258.
1468 3897 1520 3945 ἐν
1538 3897 1608 3960 τῇ
1625 3892 2090 3960 τεσσαρακαιδεκάτῃ
2111 3890 2286 3953 βίβλῳ.

506 3968 855 4030 Neoptolemus.
906 3973 1275 4039 Μελιτουργικὰ,
1296 3975 1394 4026 hoc
1418 3984 1518 4033 est,
1541 3979 1601 4026 de
1625 3978 1830 4026 Ratione
1857 3974 2146 4039 conficiendi
2169 3972 2500 4034 Serondiqus
2521 3971 2653 4021 Mel-

439 4047 503 4097 lis
523 4051 792 4112 scripsisse
816 4050 1011 4102 dieitur
1032 4055 1084 4103 in
1107 4055 1295 4105 Indice
1319 4057 1409 4107 lib.
1433 4071 1511 4108 ιιι.
1569 4059 1834 4108 Laudatur
1865 4058 1931 4107 ab
1964 4055 2220 4105 Athenaeo
2258 4053 2395 4102 liber
2430 4052 2501 4101 de
2522 4053 2650 4116 Epi-

437 4131 736 4193 grammatis
759 4132 1092 4196 Neoptolemi
1115 4137 1326 4187 Pariani
1352 4138 1443 4188 lib.
1467 4153 1523 4190 x.
1558 4155 1608 4203 p.
1633 4144 1747 4189 454.
1805 4140 1963 4189 Liber
1995 4137 2181 4188 tertius
2215 4135 2540 4198 Glossarum,
2558 4133 2655 4186 lib.

437 4222 522 4260 xt.
546 4224 598 4272 p.
619 4215 731 4260 476.
765 4213 1007 4278 Denique
1033 4218 1265 4279 ejusdem
1289 4220 1597 4284 Dionysius,
1621 4220 1709 4270 lib.
1732 4234 1817 4271 ιιι.
1839 4235 1891 4284 p.
1913 4220 1994 4270 82.

501 4291 665 4355 Nepos
690 4292 952 4345 Cornelius.
998 4297 1133 4347 Vide
1158 4299 1406 4351 Cornelius
1428 4302 1608 4366 Nepos.
