3000 4917
783 425 963 476 Nm.
1008 425 1212 475 urs-r.
1261 427 1414 476 mn.
1463 424 1785 476 xxxvu.
1827 412 1939 479 76.
2292 410 2465 487 4893

261 574 395 635 tem
446 569 721 636 minima
768 572 1028 654 gratia.³
1117 572 1340 638 Vetas
1389 590 1432 635 a
1478 568 1713 637 falsis¹
1758 573 2177 640 discernendi
2222 569 2467 661 magna

264 671 661 738 difficultas:
706 673 961 757 quippe
1007 692 1157 739 cum
1187 673 1521 738 inventum
1565 674 1679 751 sit,
1725 694 1817 740 ex
1874 676 2050 740 veris
2101 679 2382 760 gemmis
2402 675 2468 731 ⁴³

264 774 335 838 in
361 775 634 840 alterIus
660 775 918 857 generis
943 774 1158 841 falsas
1181 773 1585 842 traducere.¹
1646 775 2117 861 sardonyches
2151 799 2188 842 e
2215 779 2421 849 ternis
2442 775 2469 829 k

265 875 670 958 glutinantur
715 878 1044 960 gemmiS,⁵
1091 879 1193 943 ita
1250 885 1332 943 ut
1386 876 1801 962 deprehendi
1851 899 1962 944 ars
2020 874 2153 944 non
2201 874 2430 963 possit
2450 882 2476 951 ε’

264 977 534 1042 aliunde
563 977 772 1060 nigre,
804 979 1075 1045 aliunde
1127 980 1444 1059 candido,
1480 981 1753 1047 aliunde
1799 982 2029 1060 minio,
2060 984 2300 1048 sumtis
2328 1003 2471 1053 om·-

263 1079 466 1145 nibus
515 1080 587 1143 in
626 1100 749 1144 suo
797 1101 1036 1163 genere
1077 1081 1598 1165 probatissimis.
1684 1081 2071 1161 Quinimmo
2101 1086 2304 1149 etiam
2348 1080 2471 1150 e'x-

265 1189 409 1249 tant
438 1185 901 1250 commentarii
931 1191 1304 1265 auctorum,
1336 1194 1512 1270 quos
1534 1207 1664 1252 non
1708 1187 2017 1271 equidein
2052 1188 2473 1255 demonstra-

263 1286 412 1362 rim‚
446 1288 695 1370 quibus
720 1286 944 1352 modis
971 1307 1063 1352 ex
1094 1283 1460 1371 crystallo¹
1487 1288 1867 1371 tinguantur
1895 1290 2250 1374 smaragdi,
2282 1291 2469 1356 aliae-

268 1408 397 1471 que
427 1389 950 1467 translucenteS‚
999 1389 1337 1474 sardonyx
1381 1408 1420 1453 e
1467 1390 1691 1471 sarda,
1718 1388 1884 1455 item'
1910 1397 2146 1458 ceterae
2171 1412 2261 1457 ex
2292 1393 2468 1459 aliis.

268 1488 509 1573 Neque
538 1496 644 1555 est
669 1490 810 1555 ulla
848 1490 1035 1556 fraus
1059 1491 1216 1556 vitae
1238 1489 1594 1556 lucrosior‘.

352 1605 636 1655 Lxxvr.
657 1590 900 1679 (xm.)
921 1592 1077 1658 Nos
1101 1600 1338 1658 contra
1355 1593 1689 1658 rationem
1709 1593 2238 1678 deprehendendi
2260 1595 2470 1662 falsas

266 1691 893 1773 demonstrabimus»,
940 1693 1256 1779 (quando
1286 1696 1489 1760 etiam
1533 1695 1868 1760 luxuriam
1888 1694 1894 1699 ’
1915 1697 2238 1761 adversus
2288 1697 2473 1762 frau-

268 1793 383 1858 des
407 1803 427 1833 ¹
481 1795 722 1861 muniri
746 1792 1005 1881 ,decet‚)
1046 1803 1291 1880 praeter
1317 1795 1462 1873 illa,
1492 1794 1650 1880 quae
1693 1799 1762 1862 in
1801 1797 2287 1881 principalibus
2326 1800 2473 1883 qui-

266 1896 528 1980 busque
552 1897 905 1978 generibus
934 1897 1251 1981 privatim
1275 1897 1628 1963 diximus».
1706 1896 2227 1963 'translucentes
2258 1906 2473 1965 matu·

268 1999 405 2063 tino
427 1999 701 2081 probari
720 2004 1029 2064 censente
1055 2007 1196 2078 aut,
1215 2001 1276 2064 si
1294 2019 1571 2065 necesse
1592 2006 1717 2079 est,
1738 2000 1808 2064 in'
1827 1999 2134 2083 quartam
2148 2000 2381 2066 horam
2397 2022 2415 2066 z
2430 2009 2472 2036 ¹¹¹

267 2105 505 2182 postea
564 2107 816 2166 vetant.
908 2101 1391 2185 Experimenta
1457 2101 1762 2184 pluribus
1840 2100 2059 2166 modis
2140 2109 2470 2177 constant.

270 2200 570 2266 Primum
611 2202 927 2284 pondere,
959 2204 1017 2267 si
1057 2203 1401 2285 graviores
1443 2203 1862 2268 sentiuntur:
1930 2210 2085 2286 post
2121 2203 2296 2281 haec,
2327 2223 2472 2268 cor·

267 2321 448 2384 pore.
541 2303 832 2369 Fictitiis
863 2305 1127 2388 pusulae
1159 2305 1226 2369 in
1261 2304 1595 2388 profundo
1647 2311 1995 2389 apparent,
2044 2307 2366 2371 scabritia
2396 2306 2469 2370 in

271 2411 447 2483 cute,
472 2406 539 2470 in
563 2405 1040 2488 capillamento
1069 2404 1354 2486 fulgoris
1380 2404 1860 2484 inconstantia,
1883 2414 1951 2470 et
1982 2407 2195 2490 prius,
2222 2425 2425 2490 quam
2446 2415 2470 2444 ²

271 2505 355 2568 ad
405 2508 648 2571 oculos
703 2508 1066 2591 perveniat,
1124 2505 1437 2571 desinens
1492 2507 1691 2572 nitor.
1777 2509 2071 2573 Decussi
2131 2509 2473 2591 fragmenti

271 2608 571 2691 paulum,
593 2607 816 2692 quod
796 2629 862 2672 m
891 2607 1191 2672 lamina⁰
1230 2606 1445 2672 ferrea
1488 2612 1754 2688 teratur,
1784 2608 2327 2674 efficacissimum
2356 2628 2468 2674 ex-

1187 2769 1279 2791 000
1281 2770 1461 2791 mm
1465 2771 1492 2790 O
1496 2771 1558 2791 00

269 2871 523 2934 clypeidos.
525 2873 621 2918 -3
656 2871 743 2920 Ita
780 2869 932 2921 codd.
966 2870 1244 2932 Harduini‚
1283 2873 1484 2922 buxeu.
1506 2875 1564 2921 et
1585 2870 1709 2920 Vet.
1734 2872 1915 2922 Dalee.
1935 2885 2049 2921 cum
2074 2871 2193 2920 edd.
2221 2870 2477 2923 Harduin.

274 2939 462 2985 1.2.8.
485 2943 543 2989 et
571 2942 798 2985 receutt.
826 2936 1072 2996 angulosis
1090 2936 1287 2984 minima
1310 2936 1479 2997 gratia
1511 2937 1744 2990 Gronov.
1764 2945 1820 2986 et
1845 2938 2015 2998 vulgg.
2019 2942 2111 2985 —4
2145 2937 2269 2986 Vet.
2295 2937 2477 2986 Dalee.

273 3005 319 3047 et
339 3014 479 3050 verus
503 3015 730 3060 gemmas.
734 3004 824 3048 -5
864 3001 1055 3048 Fuxen.
1084 3000 1305 3059 gravatis
1332 3000 1641 3061 glutinantur
1664 3000 1897 3076 gemmis,-
1930 3001 2203 3049 Constant.
2235 3014 2475 3059 groenmas·

274 3063 357 3112 tiis
381 3065 603 3124 gemmis.
667 3064 900 3119 Gronov.
924 3071 979 3113 et
998 3064 1067 3112 al.
1091 3070 1213 3112 ante
1237 3063 1498 3113 Harduin.
1554 3079 1582 3115 e
1614 3064 1851 3114 cerauniis
1865 3064 2175 3124 glutinantur
2190 3077 2406 3124 gemmus.

337 3128 795 3178 CAP.1.xxvt.l
830 3129 957 3177 Vet.
981 3128 1167 3177 Dalee.
1189 3127 1532 3189 fraudem—2
1566 3127 1652 3177 Its
1688 3142 1756 3177 ex
1795 3128 1951 3177 codd.
1984 3127 2282 3176 Harduinus
2314 3137 2370 3176 et
2394 3141 2475 3176 re-

276 3201 443 3243 centt.
522 3192 753 3242 Factitiis
783 3194 1056 3256 pustuloe..
1076 3192 1473 3255 ..inconstantia‚
1523 3193 1661 3255 prius
1698 3207 1839 3255 quam
1871 3193 2103 3243 Gronov.
2139 3198 2199 3240 et
2232 3191 2474 3255 vulgg.-

1268 3354 1318 3406 N
1323 3353 1484 3405 01·AE

270 3452 455 3515 paidos,
476 3458 721 3516 tauquam
743 3467 774 3500 a
792 3451 1126 3502 similitudine
1147 3452 1336 3515 clypei.
1416 3456 1520 3508 est,
1541 3457 1600 3501 ut
1624 3449 1858 3501 Isidorus
1882 3450 1955 3501 ait
1990 3451 2090 3499 loc.
2129 3449 2222 3499 cit.
2252 3449 2270 3479 ‘
2289 3448 2475 3514 quibus

277 3526 350 3577 At
373 3528 619 3591 displicet
637 3526 859 3590 hybrida
883 3541 999 3576 vox.
1052 3526 1340 3586 Κυκλοειδὴς
1416 3526 1586 3577 modis
1608 3541 1703 3591 pro
1736 3527 1908 3592 lapide
1940 3526 2311 3591 pretiosissImo
2342 3540 2475 3574 sma-

278 3604 444 3666 magis
471 3603 658 3655 arrisit.
724 3602 788 3652 Iu
810 3603 942 3653 Mu.
973 3604 1230 3668 omnibus,
1250 3603 1338 3653 eli·
1416 3602 1578 3666 ragdo
1600 3602 1790 3652 vitrum
1816 3609 1907 3651 aut
1929 3600 2205 3666 crystallus
2225 3605 2338 3649 arte
2360 3597 2475 3648 infi-

277 3682 443 3729 πᾶσι·
1418 3677 1610 3742 eiatur,
1633 3685 1691 3727 ut
1712 3676 1859 3726 fallat
1882 3679 2059 3726 oculos
2075 3675 2170 3724 sub
2193 3675 2312 3723 dolo
2336 3688 2475 3739 quae·

350 3753 365 3786 ¹
395 3753 547 3804 Vera«
565 3769 596 3802 α
608 3754 780 3819 falsis]
813 3753 946 3802 Haec
980 3753 1201 3803 totidem
1225 3767 1340 3803 ver·
1419 3751 1540 3801 dam
1559 3752 1693 3802 falsa
1717 3753 1986 3814 viriditas}
2005 3754 2103 3799 &c-

280 3828 358 3878 bis
381 3828 614 3879 Isidorus
637 3829 788 3892 Orig.
812 3843 933 3879 xvr.
957 3832 1038 3878 14.
1332 3862 1339 3867 -
1482 3834 1522 3860 ¹¹¹
1553 3828 1617 3877 In
1657 3832 1876 3891 quanam
1917 3826 2105 3888 horam]
2164 3825 2293 3875 Post
2335 3824 2472 3874 Solis

370 3902 476 3953 'Ex
513 3904 642 3953 veris
672 3902 899 3967 gemmis]
947 3903 1024 3952 Ut
1044 3917 1110 3953 ex
1141 3903 1338 3954 electro
1418 3911 1660 3952 exortam
1686 3902 1918 3952 scilicet.
1951 3900 2155 3951 duabus
2179 3906 2301 3950 ante
2323 3901 2478 3951 meris

281 3980 624 4042 amethystus,
670 3979 969 4042 smaragdus
1016 3993 1046 4028 e
1091 3978 1338 4042 crystallo
1417 3977 1733 4028 diemlnoris·

280 4053 515 4118 fingitur.
1481 4062 1510 4091 ¹¹
1543 4054 1722 4111 Quod
1702 4069 1757 4103 m
1777 4053 1979 4117 lamina]
2026 4053 2137 4104 Sub
2174 4053 2361 4102 lamina
2389 4057 2474 4101 te·

345 4128 370 4162 ¹¹
400 4130 727 4196 Sardonycha
749 4147 775 4181 e
806 4130 979 4195 ternis]
1011 4130 1147 4181 Vide
1168 4092 1339 4182 Notas
1418 4136 1585 4180 ratur·
1651 4130 1788 4179 Nam
1831 4142 1946 4191 quae
1985 4134 2105 4177 sunt
2144 4128 2381 4185 sincerae,
2417 4127 2472 4176 in
2526 4180 2529 4184 Α

281 4212 335 4259 et
359 4206 580 4258 Emend.
602 4221 744 4259 num.
767 4211 853 4257 34.
1420 4205 1663 4270 exiguum
1686 4205 1953 4270 pulverem
1976 4211 2290 4255 atteruntur.

346 4281 360 4316 ¹
399 4281 581 4338 Quibus
622 4277 774 4334 modis
814 4297 879 4334 ex
918 4279 1165 4347 crystallo]
1221 4280 1341 4333 Hoc
