3000 4917
1192 410 1641 463 Anca-ouum.
2338 403 2512 469 4907

372 544 655 615 Antigenes.
724 552 796 603 Et
816 550 901 603 hie
924 565 956 601 a
977 514 1262 606 Plutarcho
1279 554 1399 605 loco
1419 554 1658 618 proxime
1673 553 1839 606 citato
1854 556 1991 609 inter
2013 557 2297 624 scriptores
2317 561 2507 611 Rerum

307 630 596 682 Alexandri
620 633 700 682 Μ.
723 632 1035 683 nominatur.

370 711 648 775 Antigonus
675 713 914 778 Cymoeus.
982 713 1167 764 Patria
1203 714 1252 764 ei
1293 714 1454 779 Cyme
1484 714 1699 765 AEolidis
1738 714 1874 768 fuit.
1912 718 2050 769 uude
2088 733 2390 784 cognomen.
2454 720 2505 770 A

303 791 545 842 Varrone
568 801 624 844 et
651 794 937 844 Columella
959 790 1025 844 de
1045 794 1127 844 Re
1147 796 1297 845 Rust.
1321 795 1361 846 ι’.
1386 800 1432 846 1.
1464 796 1608 853 iuter,
1642 797 1927 862 scriptores
1952 799 2052 851 Rei
2076 799 2311 851 Rusticus
2345 813 2507 851 auun-

304 874 559 924 meratus.
629 875 726 924 Est
747 881 804 925 et
824 875 959 925 alter
979 875 1210 939 ejusdcm
1234 875 1456 926 nominis

366 953 664 1016 Antigonus,
683 970 834 1020 quem
857 955 924 1005 de
946 955 1224 1012 toreutice,
1248 956 1344 1005 hoc
1367 962 1467 1018 est,
1489 954 1555 1007 de
1587 956 1855 1007 caelatoria
1876 964 2009 1016 arte,
2032 958 2297 1024 scripsisse
2322 966 2506 1011 auctor

309 1041 393 1083 est
412 1033 615 1084 Plinius
639 1035 693 1084 in
714 1035 900 1085 Indice
921 1037 957 1086 l.
976 1049 1190 1086 xxxin.
1243 1036 1516 1101 Carystius
1538 1036 1626 1086 ille
1650 1043 1754 1101 est,
1776 1038 1924 1102 cujus
1946 1046 2131 1090 extant
2151 1040 2505 1092 Historiarum

305 1113 629 1166 Mirabilium
667 1116 1014 1167 collectanea.
1078 1116 1238 1166 Hunc
1274 1116 1382 1180 περὶ
1411 1116 1636 1180 πινάκων,
1667 1118 1766 1168 hoc
1800 1126 1902 1177 cst,
1922 1120 1982 1170 ds
2004 1118 2198 1170 Tabulis
2219 1122 2501 1185 pictorum,

300 1196 582 1259 scripsisse
611 1196 849 1247 Laertius
870 1197 923 1247 in
947 1196 1260 1262 Chrysippo,
1291 1213 1345 1261 p.
1363 1203 1479 1249 2⁰9.
1514 1198 1582 1249 de
1606 1198 1822 1250 Pictura
1845 1197 2044 1250 Plinius
2064 1200 2199 1250 idem
2222 1213 2399 1251 xxxv.
2419 1206 2501 1254 86.

297 1275 377 1324 de*
392 1284 507 1326 arte
530 1290 642 1338 sua,
674 1278 772 1327 hoc
796 1283 899 1341 est,
918 1277 985 1327 dc
1006 1278 1288 1336 statuaria,
1310 1278 1448 1328 idem
1471 1292 1676 1331 xxxrv.
1698 1284 1779 1330 19.
1799 1280 1878 1347 ,de
1902 1279 2144 1330 Historia
2163 1280 2354 1332 Italica
2375 1282 2500 1332 Fes-

293 1356 403 1416 tus,
428 1355 635 1405 verbo‘
656 1357 873 1407 Romam
890 1356 928 1408 τ’
962 1357 1028 1407 de
1053 1359 1169 1408 aliis
1186 1358 1416 1425 denique
1439 1360 1530 1410 alii
1551 1358 1793 1410 fortassis
1817 1360 2163 1412 tradiderunt.

359 1438 636 1502 Antipater.
704 1439 897 1490 Lucius
924 1440 1118 1491 Caelins
1140 1439 1423 1506 Antipater
1445 1441 1618 1491 dictus
1642 1451 1754 1492 este
1786 1448 1959 1493 certus
1980 1443 2224 1493 Romanae
2243 1442 2497 1493 Historia

292 1526 504 1581 aiictor,
535 1518 702 1584 inquit
723 1520 899 1570 Valer.
922 1521 1066 1571 Max.
1090 1534 1130 1570 ι.
1149 1524 1199 1571 7.
1240 1536 1291 1586 p.
1314 1526 1396 1573 54.
1460 1522 1608 1573 Lucii
1632 1522 1803 1573 Crassi
1826 1522 2093 1587 magister,
2121 1523 2289 1588 inquit
2311 1524 2497 1574 Cicero

291 1599 347 1648 iu
374 1599 562 1662 Bruto,
586 1614 637 1664 p.
660 1602 776 1650 5⁴5.
809 1599 1022 1664 scripsit
1043 1600 1306 1651 historiam
1344 1601 1408 1651 ad
1431 1601 1493 1652 Ι..
1520 1601 1710 1652 AElinm
1730 1602 2004 1665 Stilonem,
2042 1602 2290 1653 Varronis
2308 1603 2498 1666 magis-

290 1685 456 1740 trum,
475 1695 633 1744 quam
652 1680 785 1730 tanti
803 1678 991 1731 fecisse
1014 1681 1090 1730 M.
1110 1682 1308 1731 Brutus
1327 1679 1539 1744 dicitur,
1556 1686 1616 1731 ut
1636 1695 1700 1731 ex
1722 1695 1787 1731 ea
1808 1681 2085 1746 Epitomeu
2106 1680 2311 1733 fecerit.
2353 1682 2496 1735 Auc-

291 1764 382 1809 tor
400 1759 588 1810 Cicero
612 1760 788 1825 Epist.
813 1759 881 1810 ad
903 1759 1219 1810 Attic.x1n.
1241 1765 1291 1810 8.
1309 1775 1359 1825 p.
1379 1765 1492 1812 399.

356 1845 743 1893 annuam}
762 1841 912 1902 eva-q?
923 1839 1031 1904 περὶ
1052 1838 1185 1904 ζόαν
1206 1840 1454 1891 laudatur
1475 1857 1507 1890 a
1530 1841 1704 1893 Schol.
1721 1840 1983 1906 Apollonii
2014 1841 2082 1891 ad
2114 1842 2205 1893 lib.
2228 1856 2291 1893 ιι
2313 1856 2388 1892 vs.
2412 1846 2478 1893 89

290 1913 391 1984 qui
408 1921 476 1970 ab
498 1921 589 1971 illo
615 1921 853 1972 diversus
876 1929 990 1983 est3
1024 1928 1104 1972 est
1125 1923 1261 1972 euim
1289 1922 1377 1972 ille
1398 1922 1677 1986 Antipater,
1711 1935 1863 1987 quem
1902 1922 2041 1973 iuter
2061 1931 2305 1973 externos
2328 1923 2496 1988 scrip·

285 2006 434 2051 tores
470 2002 650 2053 laudat
672 2001 911 2052 Plinius
897 2016 950 2051 m
965 1999 1161 2052 Indice
1187 2002 1279 2052 lib.
1302 2015 1422 2052 vna
1457 2003 1547 2067 qui
1582 2007 1723 2053 totus
1756 2010 1840 2052 est
1876 2001 1943 2052 de
1980 2002 2273 2052 animalium
2312 2003 2497 2053 Histo-

287 2081 404 2131 ria.
440 2081 692 2145 Panaetii,
732 2081 799 2132 dc
829 2096 933 2148 quo
970 2092 1113 2146 saepe
1147 2082 1366 2145 Tullius,
1405 2082 1687 2146 magister.
1735 2081 1946 2179 Tiberio
1980 2082 2226 2132 Graccho
2260 2082 2494 2147 equalis,

285 2160 474 2211 Patria
498 2162 749 2215 Rhodius.
1685 2176 1692 2183 '
1749 2184 1758 2189 *

353 2243 619 2301 Antistius,
662 2242 841 2304 Labeo
877 2242 1292 2307 cognominatus.
1356 2240 1576 2307 Scripsit
1617 2239 2005 2294 commentaria
2026 2240 2167 2306 juris
2204 2240 2489 2297 Pontificii,

287 2336 404 2386 quae
428 2323 616 2373 Festus
640 2322 788 2375 citat.
856 2322 1621 2374 Proconsnlem‘Narbonensis
1662 2322 1955 2374 Provincias
1977 2320 2156 2379 fuisse,
2193 2327 2377 2372 auctor
2405 2324 2491 2370 est
2531 2386 2542 2397 ·

270 2403 493 2454 ‚Plinius
520 2418 698 2455 xxxv.
737 2409 787 2455 7.
851 2404 1103 2458 Oblatum
1143 2405 1208 2454 ab
1252 2403 1491 2469 Angusto
1536 2403 1876 2455 Consulatum
1909 2411 2211 2467 aspernatus
2248 2408 2350 2464 est,
2385 2414 2487 2466 quo

278 2484 472 2534 studiis
505 2486 782 2549 plurimum
804 2499 1013 2549 operam
1035 2485 1207 2542 daret,
1244 2492 1305 2534 ut
1335 2484 1516 2534 scribit
1552 2484 1811 2547 Pompon.
1835 2483 2046 2547 Digest.
2083 2497 2120 2532 ι.
2157 2483 2239 2532 tit.
2256 2486 2305 2532 2.
2336 2480 2484 2544 Orig.

280 2564 449 2623 Juris,
470 2566 596 2629 §4¹1.
628 2565 717 2615 ubi
739 2579 857 2615 eum
881 2564 1260 2629 quadringenta
1287 2563 1552 2616 volumina
1584 2563 1701 2628 (alii
1732 2563 2050 2627 quadraginta
2068 2563 2251 2626 legunt
2270 2575 2337 2610 ex
2359 2560 2488 2611 Gel-

281 2644 360 2694 lio
402 2652 549 2695 ιιιι.“
574 2650 656 2696 10.
698 2654 750 2709 p·.
782 2644 924 2709 671.)
959 2644 1228 2708 reliquisse
1264 2649 1513 2694 testatur.
1577 2643 1760 2693 Libros
1799 2643 1913 2707 ejus
1952 2656 2046 2692 ιν.
2081 2642 2148 2692 de
2188 2639 2486 2704 Discipliuis

289 2725 545 2788 Etruscis,
582 2725 836 2789 aliosque,
861 2724 991 2775 citat
1031 2724 1333 2788 Fulgentius
1359 2723 1438 2773 de
1462 2723 1646 2774 Prisco
1666 2724 1935 2786 Sermone,
1964 2735 2016 2773 ιι.
2035 2727 2087 2772 4.
2154 2721 2328 2785 Hujus
2349 2721 2485 2770 arbi·

288 2804 397 2854 trio
418 2804 694 2867 legendum
719 2807 975 2856 Senatum
995 2801 1262 2870 Augustus
1284 2804 1614 2869 permiserat,
1630 2803 1800 2867 inquit
1814 2803 1919 2852 Dio
1940 2802 2029 2854 lib.
2054 2814 2164 2852 mv.
2191 2816 2242 2866 p.
2257 2805 2375 2850 531.

352 2885 681 2935 Antisthenes.
746 2885 867 2935 Non
893 2885 983 2935 ille
1005 2883 1214 2949 quidem
1244 2883 1458 2934 Lae'rtio
1475 2891 1649 2939 notus,
1684 2877 1864 2933 aliisve
1895 2881 2270 2947 scriptoribus:
2304 2881 2394 2930 sed
2418 2882 2483 2943 ab

285 2964 354 3014 iis
374 2954 631 3028 omnibus,
653 2965 741 3030 qni
763 2964 944 3015 codem
971 2971 1253 3014 censentur
1274 2963 1503 3023 nomine,
1524 2963 1678 3025 plane
1696 2961 1958 3011 diversus:
1995 2976 2148 3026 quem
2172 2961 2240 3010 de
2261 2961 2484 3024 pyrami·

283 3043 438 3093 dibus
468 3043 681 3108 AEgypti
703 3044 972 3110 scripsisse
1000 3042 1201 3094 Plinius
1222 3049 1306 3093 est
1326 3049 1513 3092 auctor
1532 3054 1739 3092 xxxvl.
1761 3044 1842 3092 17.
1877 3041 1947 3091 de
1975 3042 2119 3107 cujus
2152 3050 2309 3091 aetate
2342 3040 2483 3091 dicc-

284 3136 399 3173 mus
422 3124 476 3173 in
498 3123 773 3174 Butorida.

348 3203 597 3254 Antonius
617 3204 810 3266 Castor,
827 3202 906 3253 vir
921 3202 1158 3260 Graecus,
1164 3200 1270 3253 sed
1294 3202 1431 3267 quod
1455 3203 1713 3255 Romanos
1731 3201 1993 3266 diligeret,
2008 3201 2222 3254 civitate
2243 3168 2484 3265 donatus,

280 3289 344 3334 et
374 3284 751 3334 Philoromaeus
774 3284 1087 3347 appellatus.
1158 3284 1405 3334 Deiotari
1432 3284 1735 3334 Galatarum
1758 3282 1940 3346 Regis,
1960 3296 2054 3346 pro
2071 3297 2174 3348 quo
2195 3283 2482 3332 orationem

282 3363 467 3414 habuit
484 3364 550 3413 ad
578 3365 838 3415 Caesarem
862 3364 1081 3426 Tullius,
1100 3363 1262 3414 filiam
1288 3364 1454 3415 duxit.
1521 3363 1742 3427 Scripsit
1757 3363 1823 3413 dc
1855 3363 1997 3427 Nilo,
2015 3366 2075 3414 dc
2100 3363 2371 3427 Tempmm
2392 3362 2478 3425 13·-

281 3448 552 3509 motione,
577 3444 640 3494 τὰ
661 3442 869 3508 Χρονικὸ
887 3443 1208 3506 ’Amen-a,
1237 3444 1318 3494 uti
1329 3458 1405 3499 ex
1430 3440 1750 3508 Apollodoro
1769 3443 2012 3495 discimus
2039 3443 2132 3494 lib.
2150 3457 2212 3494 ιι.
2246 3443 2312 3494 de
2345 3444 2478 3506 Diis,

282 3530 433 3590 pa&
458 3567 469 3578 ,
504 3525 741 3576 Romana
762 3526 919 3576 ctiam
944 3525 1202 3577 Instituta
1224 3539 1341 3577 cum
1364 3524 1731 3589 Pythagoricis
1760 3524 2002 3583 contulit,
2022 3531 2161 3575 teste
2194 3523 2478 3574 Plutarcho

275 3608 333 3656 in
356 3608 573 3659 Quest:
583 3607 732 3657 Rom.
754 3621 808 3670 p.
831 3609 948 3657 266.
1016 3606 1088 3656 Et
1111 3605 1178 3656 de
1201 3606 1406 3657 Plantis
1429 3606 1653 3663 edidisse
1680 3605 1941 3656 volumina
1969 3605 2183 3670 aliquot,
2204 3619 2271 3656 ex
2301 3605 2475 3655 Plinio

273 3686 392 3750 ipso
415 3687 736 3750 conjicimus,
764 3689 962 3736 :tx-66.

340 3767 548 3830 Apelles,
583 3781 736 3830 quem
758 3765 937 3815 laudat
960 3765 1160 3816 Plinius
1199 3766 1253 3815 in
1291 3765 1476 3817 Iudice
1514 3765 1603 3816 lib.
1628 3779 1789 3817 xxxi.
1821 3772 1878 3817 et
1905 3777 2092 3817 xxxii.
2159 3762 2399 3815 Medicus
2429 3764 2473 3829 is

277 3853 378 3903 est,
402 3846 620 3896 Thasius
643 3860 675 3895 a
697 3845 870 3911 patria
884 3845 1301 3909 cognominatus,
1334 3845 1482 3908 cnjus
1512 3846 1747 3896 meminit
1774 3852 1829 3897 et
1861 3845 2092 3895 Galenus
2116 3844 2182 3893 tle
2203 3843 2473 3895 Antidotis

273 3940 337 3976 n.
363 3930 412 3976 8.
445 3940 564 3989 pag.
583 3929 697 3975 910.
724 3932 779 3976 et
803 3924 930 3975 κατὰ
949 3923 1086 3986 γένη,
1117 3938 1172 3975 V.
1196 3929 1276 3975 14.
1301 3939 1420 3989 pag.
1440 3929 1556 3976 799.
1609 3926 1764 3975 Hunc
1789 3925 2054 3976 Gesnerus
2074 3925 2125 3974 in
2147 3925 2473 3976 Bibliotheca

275 4020 397 4055 cum
422 4004 613 4068 Apelle
639 4005 841 4069 pictore
863 4004 998 4054 male
1022 4002 1315 4060 confundit,
1338 4003 1542 4068 quando
1567 4004 1702 4056 hunc
1717 4005 1960 4056 Thasium
1977 4004 2135 4055 facite
2161 4020 2310 4069 quem
2330 4019 2475 4056 erro·

273 4103 381 4138 rem
402 4095 612 4138 secutus
631 4094 712 4138 est
735 4094 788 4136 et
816 4086 1085 4136 Reiuesius
1109 4086 1234 4135 Var.
1262 4084 1409 4137 Lect.
1431 4098 1497 4135 ιι.
1514 4089 1563 4135 6.

337 4167 528 4231 Apelles
552 4169 685 4216 alter
709 4168 844 4216 Cous
866 4179 898 4214 a
921 4167 1091 4229 patria
1113 4166 1304 4222 dictus,
1325 4165 1493 4227 pictor
1515 4164 1652 4214 fama
1669 4165 1901 4230 insignis,
1917 4166 2061 4230 cnjus
2079 4166 2221 4231 Vita,
2242 4166 2470 4232 Scripta,

268 4250 506 4304 Picturae
529 4263 559 4298 a
585 4247 758 4301 Plinio
781 4259 954 4302 xxxv.
978 4250 1059 4297 36.
1094 4245 1292 4311 prolixe
1316 4252 1612 4299 narrantur.
