3000 4917
494 345 669 411 4704

497 506 745 569 tislibet
787 502 1112 568 molibusf
1158 503 1497 572 caedendis
1545 502 1886 568 sufficiunt
1925 504 2332 586 lapicidinae.
2422 504 2701 572 Statuas

496 626 588 672 ex
612 625 692 671 eo
724 605 1007 671 Claudio
1040 606 1297 671 Caesari
1323 615 1718 690 procurator
1740 606 1892 690 ejus
1920 606 1988 671 in
2011 606 2266 671 Urbem
2289 628 2377 672 ex
2400 608 2703 693 AEgypto

495 708 777 774 advexit
805 707 1145 774 Vitrasius
1178 710 1514 787 Pollio‚¹¹⁸
1541 729 1673 773 non
1697 708 2055 774 admodum
2080 712 2368 794 probata
2389 713 2705 776 novitate.

499 808 721 874 Nemo
772 818 946 876 certe
991 820 1230 895 postea
1269 810 1568 876 imitatus
1597 818 1724 874 est.
1810 810 2074 875 Invenit
2101 811 2335 875 eadem
2365 811 2707 894 AEgyptus

495 912 564 975 in
593 911 969 997 AEthiopia,
1000 933 1199 997 quem
1229 919 1475 977 vocant
1506 908 1939 990 basalten,¹²¹¹
1981 912 2177 1004 ferrei
2206 913 2454 978 eoloris
2503 921 2708 997 atque

498 1012 786 1080 duritiae.
884 1015 1071 1080 Unde
1116 1022 1194 1089 et„
1225 1033 1473 1080 nomen
1522 1014 1585 1078 ei
1628 1012 1840 1079 dedit.
1929 1014 2293 1099 Nunquam
2331 1016 2443 1080 hic
2490 1016 2712 1100 major

498 1122 818 1199 repertus,
852 1123 984 1194 est,-
1008 1137 1213 1201 qnam
1259 1117 1330 1180 in
1360 1116 1612 1200 templo
1646 1116 1855 1180 Pacis
1885 1121 1971 1183 ab
2012 1117 2410 1199 imperatore
2438 1116 2713 1201 Vespa-

498 1217 692 1282 siano
723 1218 1034 1302 Augusto
1065 1218 1369 1283 dicatus:
1417 1223 1800 1300 argumento
1833 1216 2002 1297 Nili,
2038 1234 2207 1282 xv1.
2235 1215 2500 1283 liberisi
2533 1219 2713 1282 circa

497 1317 914 1395 ludentibuS‚
960 1341 1087 1404 per
1136 1340 1309 1405 quos
1357 1318 1636 1384 totidem
1683 1321 1910 1385 cubita
1930 1327 1978 1367 ¹³
2032 1321 2277 1385 summi
2319 1321 2713 1385 incrementi

501 1422 814 1503 augentis
862 1441 940 1486 se
992 1423 1206 1488 amnis
1248 1423 1749 1505 intelliguntur!
1839 1423 2001 1488 Non
2047 1423 2374 1488 absimilis
2415 1422 2523 1487 illi
2563 1443 2714 1487 nar-

1216 362 1281 407 G·
1323 360 1575 408 PLth
1626 359 1959 410 8301]an

565 1586 589 1619 ὃ
619 1589 969 1652 Argumentum
989 1592 1230 1640 coeloturoe
1253 1590 1301 1639 in
1326 1590 1504 1652 lapide,
1528 1588 1694 1653 Nilus,
1715 1593 1764 1638 et
1779 1587 1922 1653 pueri
1942 1587 2142 1638 sedecim
2156 1620 2171 1637 .
2189 1621 2203 1635 .
2225 1623 2240 1639 .
2260 1623 2273 1638 .
2288 1589 2457 1652 quibus
2475 1585 2717 1647 intellig-i-

500 1655 586 1701 tiu-
602 1668 833 1705 summum
854 1656 964 1705 Nili
984 1657 1273 1706 exundantis
1293 1656 1647 1705 inerementnvn.

1436 1780 1676 1801 “0000“
1681 1779 1803 1800 ‘00‘

502 1864 573 1913 ai.
597 1864 927 1925 leptostactm
962 1868 1485 1931 al.1eueosephos.—ll
1522 1867 1651 1915 Vet.
1682 1866 1869 1914 Doleo.
1890 1863 2008 1913 mis
2029 1863 2230 1914 Asinius
2249 1862 2410 1911 Pollio
2427 1879 2447 1921 ,-
2480 1861 2717 1912 Gronov.

502 1935 561 1977 et
597 1930 768 1993 vulga.
823 1931 1041 1980 Triarius
1086 1933 1258 1980 Pollio.
1325 1932 1475 1994 Mox,
1514 1930 1631 1980 cod.
1670 1929 1860 1979 Dalec.
2055 1933 2120 1976 toe
2158 1927 2542 1976 „evitatus-12
2576 1927 2713 1973 ‘Ms-

502 1998 689 2053 outem5
721 1992 978 2059 fortassis,
999 1996 1240 2047 banalem
1255 2013 1274 2054 ;
1308 2010 1426 2045 nam
1450 1993 1695 2045 Hebraeis
1719 1994 1877 2044 barzel
1920 2007 2090 2042 ertum
2114 1990 2343 2041 dicitur!
2394 1990 2719 2041 Mitallerius.

1507 2156 1722 2208 NOTAE

505 2252 713 2316 punctis
750 2252 1154 2317 interstinctum,
1195 2270 1296 2305 non
1332 2260 1566 2319 superet.

505 2329 668 2378 Hunc
704 2329 865 2379 Plinii
906 2331 1074 2380 locum
1114 2332 1394 2380 Salmasius
1438 2346 1572 2395 prae-

506 2414 717 2472 postere
755 2409 982 2472 accepit,
1023 2409 1074 2457 in
1097 2409 1346 2471 Solinum,
1383 2425 1434 2474 p.
1456 2413 1572 2460 562.

506 2484 598 2547 qui
621 2498 653 2532 a
677 2491 989 2547 punctorum
1030 2499 1121 2533 seu
1157 2483 1415 2535 furfurum
1449 2500 1572 2535 can-

508 2558 652 2621 dore,
673 2559 829 2623 quiin
851 2558 1135 2621 posteriore
1154 2561 1241 2609 illo
1258 2561 1574 2626 porphyritis

508 2647 702 2698 genere
725 2643 1056 2698 spargantur,
1078 2635 1436 2701 Leptopsephi
1451 2652 1575 2700 cog-

505 2723 696 2759 nomen
743 2710 961 2758 inditnm
1019 2711 1239 2774 putavit.
1324 2713 1388 2760 In
1429 2713 1574 2762 libris

505 2786 759 2835 haetenus
794 2786 948 2835 editis
985 2787 1278 2836 leucostictos
1306 2804 1372 2837 ex
1402 2789 1575 2837 erudi-

508 2865 681 2909 torum
721 2861 1126 2923 interpolatione
1157 2861 1446 2925 legebatur.
1503 2864 1577 2913 At

510 2935 650 2999 Reg.
680 2940 729 2985 2.
766 2937 917 2987 colb.
941 2940 987 2985 3.
1020 2944 1076 2987 et
1114 2939 1348 2987 Pintiani
1386 2940 1574 3004 codex,

508 3011 843 3078 Leptosephos,
879 3013 1017 3062 unde
1049 3028 1144 3065 nos
1165 3017 1479 3080 leptopsephos
1500 3016 1575 3066 ef·

509 3086 753 3138 fecimus.

576 3161 598 3197 s
629 3166 953 3221 Quantislibet
984 3167 1206 3232 molibus]
1247 3168 1308 3217 Id
1350 3183 1473 3217 vero
1510 3168 1577 3218 de

510 3238 686 3302 priore
725 3242 1043 3307 porphyritis
1085 3258 1278 3307 genere
1314 3244 1577 3308 aecipien-

512 3315 635 3365 dum
658 3324 756 3366 est.

577 3398 604 3433 8
643 3391 885 3441 Vitrasius
922 3393 1105 3458 Pollio]
1144 3393 1385 3445 Meminit
1422 3396 1577 3458 hujus

513 3464 636 3520 Dio,
660 3466 740 3514 uti
760 3466 990 3516 dicemus
1013 3469 1065 3517 in
1090 3469 1250 3519 Notis
1272 3476 1329 3518 et
1361 3470 1579 3520 Emend.

514 3553 656 3590 num.
673 3545 723 3590 6.

576 3616 603 3650 ¹¹
628 3617 781 3673 Quem
802 3627 969 3670 vocant
991 3621 1227 3688 basalten]
1251 3624 1497 3688 AEgyptio
1518 3640 1579 3674 ae

510 3695 793 3759 peregrino
821 3698 1094 3761 vocabulo,
1129 3712 1232 3748 non
1267 3702 1371 3749 oris
1402 3701 1579 3750 Latini

511 3770 778 3823 Graecive.
823 3775 903 3823 Ex
923 3789 986 3824 eo
1009 3776 1182 3839 lapide
1200 3777 1445 3825 mortaria
1464 3776 1580 3825 fieri

510 3854 693 3896 auctor
715 3857 793 3898 est
816 3850 1004 3900 Strabo
1026 3852 1113 3901 lib.
1143 3866 1283 3903 xvir.
1320 3868 1440 3917 pag.
1464 3858 1579 3904 818.

513 3920 709 3972 Locum
732 3925 867 3974 hune
892 3941 992 3975 non
1021 3927 1152 3978 bene
1176 3928 1456 3993 exscripsit
1480 3930 1579 3978 Isi·

513 3995 668 4045 dorus
691 3999 794 4047 loc.
817 4001 908 4051 cit.

576 4071 591 4104 ¹
640 4073 794 4123 XVI.
838 4076 1023 4140 liberis]
1073 4077 1274 4128 Visitnr
1318 4078 1576 4144 hodieque

509 4145 567 4196 id
591 4162 815 4198 marmor
844 4151 895 4200 in
918 4152 1194 4203 Vaticanis
1223 4155 1403 4205 hortis.
1469 4157 1576 4205 Ex·

511 4239 754 4291 pressere
807 4229 922 4293 ejus
967 4229 1191 4296 effigiem
1236 4234 1472 4285 Ortelius
1517 4236 1571 4284 in

1645 2253 1761 2317 ipsa
1803 2254 1978 2318 operis
2019 2250 2373 2315 Geographici
2417 2248 2617 2312 fronte,
2663 2256 2719 2299 et

1647 2328 1878 2380 Oiselius
1918 2330 1971 2379 in
2025 2329 2170 2379 calce
2206 2327 2459 2376 Thesauri
2506 2325 2720 2374 Numis-
2780 2375 2795 2381 ,

1647 2413 1859 2455 matum.
1904 2406 2282 2455 Philostratus:
2306 2402 2423 2467 Περὶ
2438 2402 2530 2452 τὸν
2543 2403 2722 2451 Νεῖλον

1647 2482 1696 2531 οἱ
1714 2481 1888 2544 πήχεις
1918 2482 2155 2545 ἄθύρουσι,
2184 2480 2347 2530 παιδία
2381 2479 2626 2542 ξύμμπρα
2655 2482 2723 2540 τᾷ

1647 2558 1860 2619 ὀνόματι·
1903 2558 1981 2610 καὶ
2013 2560 2041 2607 ὅ
2070 2561 2246 2609 Νεῖλος
2281 2558 2443 2606 αὐτοῖς
2487 2555 2722 2621 brem&-

1649 2653 1802 2699 νυται,
1831 2636 1897 2686 τά
1915 2655 1973 2687 τε
1993 2636 2145 2698 ἄλλα,
2183 2635 2262 2685 καὶ
2298 2635 2372 2685 ὅτι
2403 2633 2725 2700 κηρύττουσιν

1650 2715 1816 2776 αὑτὸν,
1830 2715 1942 2766 ὅσος
1957 2714 2237 2777 Αἰγυπτίοις
2249 2711 2511 2777 προεχύθη.
2556 2711 2726 2761 Gabia·

1648 2792 1777 2841 circa
1796 2792 1968 2841 Nilum
1991 2794 2180 2854 ludunt,
2200 2789 2338 2853 pueri
2352 2788 2564 2850 eorporis
2581 2802 2727 2850 quon·

1652 2868 1791 2918 tima·
1810 2869 2128 2929 cognomines,
2150 2866 2315 2930 quibu·
2351 2865 2501 2914 Nilus
2521 2877 2728 2911 summo-

1643 2959 1758 3008 pere
1797 2945 2077 2999 oblectatur,
2120 2948 2226 2992 tum
2265 2941 2321 2990 ob
2350 2940 2470 3000 alia,
2514 2943 2624 2988 tum
2655 2939 2729 2987 vel

1650 3021 1879 3080 maxime,
1900 3023 2024 3083 qnod
2044 3019 2202 3082 ipsum
2222 3022 2449 3081 quonium
2470 3015 2730 3078 AEgyptiis

1647 3098 1870 3160 profusus
1903 3097 1971 3146 sit
2008 3094 2275 3146 enuntient.
2360 3092 2519 3142 Libro
2558 3093 2727 3154 primo

1653 3173 1878 3230 iconum,
1898 3188 2018 3237 pag.
2033 3177 2149 3222 ⁷37.
2194 3170 2414 3233 Reliqua
2433 3165 2728 3233 descriptio

1654 3250 1808 3299 simili
1850 3251 1985 3299 nitet
2018 3250 2218 3313 lepore.
2280 3249 2362 3297 De
2406 3246 2516 3296 Nili
2560 3246 2731 3295 incre·

1656 3330 1831 3374 mento
1848 3315 1973 3374 'vide
1996 3339 2110 3388 qua».
2134 3323 2358 3372 diximus
2381 3336 2436 3371 v.
2462 3325 2545 3372 10.
2601 3319 2730 3369 ‘Est

1656 3399 1914 3449 Hadriani
1937 3399 2074 3463 Aug.
2101 3412 2337 3447 nummus
2361 3412 2426 3446 ex
2451 3411 2560 3445 aere
2584 3407 2729 3457 mag-

1656 3490 1744 3539 no,
1785 3477 1836 3526 in
1875 3477 2021 3526 Gaza
2061 3475 2352 3530 Parmensi,
2396 3473 2448 3522 in
2488 3486 2597 3536 qno
2638 3472 2730 3520 Ni-

1654 3552 1734 3599 ins
1773 3550 2094 3600 decumbens
2136 3550 2389 3614 pingitur,
2413 3563 2532 3597 cum
2575 3561 2735 3595 arun·

1656 3626 1778 3677 diue
1815 3635 1870 3677 et
1909 3628 2294 3689 Cornucopiae:
2345 3623 2500 3679 infra,
2543 3624 2729 3685 hippos

1656 3710 1913 3765 potamus.
1983 3703 2046 3752 In
2069 3704 2191 3765 imo,
2215 3710 2264 3752 1..
2285 3705 2592 3750 ΤΡῙΟΚΑΙΔ.
2623 3697 2725 3746 An.

1655 3795 1716 3828 no
1755 3795 1885 3831 xm.
1933 3780 2211 3830 Hadriani.
2286 3779 2458 3841 Supra
2495 3795 2567 3828 u·-
2639 3774 2725 3822 Se-

1654 3859 1806 3907 decim
1828 3858 2012 3919 eubifi,
2038 3857 2106 3907 ad
2131 3870 2258 3920 quos
2291 3868 2353 3903 eo
2389 3864 2525 3899 anno
2564 3849 2723 3897 Nilus

1654 3934 1906 3984 excrevit.
1994 3932 2149 3982 Anno
2203 3925 2568 4003 praecedente,
2615 3925 2725 3974 sive

1655 4007 1960 4058 duodecimo
1990 4006 2269 4067 Hadriani,
2307 4004 2444 4052 idem
2490 4007 2727 4061 notatur,

1652 4084 1705 4132 in
1729 4097 1938 4132 nummo
1962 4095 2102 4131 aereo
2124 4081 2325 4146 pariter
2341 4093 2370 4128 e
2389 4079 2584 4127 Museo
2607 4092 2723 4126 nos-

1654 4167 1772 4209 tro:
1814 4160 1864 4210 L,
1887 4164 2117 4210 ΔΩΔΕΚ.
2196 4156 2366 4220 Supra
2388 4154 2479 4223 κη’
2510 4156 2607 4204 Ed.
2628 4168 2719 4203 seo.
