3000 4917
498 356 672 424 4946
1474 369 1725 419 mnnx

497 518 658 567 fuisse
694 530 813 566 enm
850 514 1227 579 intelligimus:
1263 512 1540 578 ipsumque
1569 526 1703 576 esse,
1741 525 1896 577 quem
1932 511 2248 577 Dionysium
2281 513 2561 565 Medicum
2598 514 2715 565 aliis

490 599 622 648 locis
643 597 893 661 appellat,
916 595 983 645 de
1005 609 1107 660 quo
1130 608 1223 644 nos
1243 609 1335 644 sno
1359 592 1742 657 loco-diximus,
1765 594 1954 643 merito
1977 594 2316 659 suspicamur.

563 679 723 741 Salpe.
775 676 1052 728 Obstetrix
1074 674 1283 736 Lesbia,
1301 688 1419 739 quae
1438 674 1647 736 Παίγνια
1661 674 1995 738 conscripsit,
2011 681 2147 724 teste
2168 674 2553 739 Nymphodoro
2575 673 2717 738 apud

497 760 689 811 Athen.
710 759 802 809 lib.
828 772 930 807 vn.
955 773 1007 822 p.
1033 760 1149 807 821.
1199 755 1424 819 Scripsit
1463 755 1619 805 etiam
1659 754 1726 805 de
1765 754 2007 804 remediis
2042 755 2382 805 muliebribus
2400 772 2418 805 ε
2468 756 2611 820 quod
2650 763 2712 805 et

496 848 678 904 postea
700 841 813 888 aliae
830 852 1035 904 quoque
1056 837 1284 887 foeminae
1306 836 1566 894 fecerunt,
1589 843 1647 886 ut
1668 836 1907 900 Trotula,
1930 836 2078 899 enjus
2099 835 2359 903 hodieque
2376 836 2518 885 liber
2541 845 2714 885 extat.

564 921 804 981 Sasernae,
827 920 981 969 Pater
1002 925 1058 968 et
1082 918 1259 969 Filius.
1281 949 1284 954 -
1308 917 1396 967 Sic
1417 918 1596 966 borum
1618 930 1803 966 nomen
1821 916 1998 980 effingi
2022 916 2202 978 debet,
2223 931 2328 967 non
2347 920 2426 967 uti
2448 918 2706 967 hacteuus

498 1001 550 1051 in
577 1002 720 1051 libris
742 1001 916 1056 editis,
940 1001 1181 1051 Sarsenoe.
1230 1000 1369 1049 Nam
1393 1007 1591 1062 praeter
1614 998 1971 1061 Columellam,
1994 999 2081 1063 qui
2107 999 2172 1047 de
2195 1000 2273 1048 Re
2309 999 2462 1048 Rust.
2488 1013 2529 1048 1.
2554 1013 2609 1061 p.
2631 1002 2713 1048 13.

496 1091 512 1114 ⁴
537 1091 655 1147 post
688 1084 941 1132 Catonem
977 1081 1103 1131 duos
1129 1082 1399 1143 Sasernas,
1425 1088 1628 1143 patrem
1668 1086 1724 1131 et
1752 1079 1953 1145 filium,'
1977 1079 2173 1139 laudat,
2196 1081 2215 1108 ⁶
2238 1082 2329 1146 qui
2369 1080 2707 1144 agricolatio-

491 1179 609 1214 nem
631 1164 933 1227 diligentins
974 1162 1320 1227 erudierunt,’
1352 1169 1409 1213 et
1429 1164 1720 1212 Varronem
1743 1163 1890 1220 item,
1914 1162 2012 1212 Rei
2031 1162 2184 1212 Rust.
2211 1175 2249 1211 ι.
2265 1167 2318 1212 2.
2336 1176 2387 1226 p.
2409 1165 2496 1211 48.
2519 1156 2713 1210 confir·

493 1253 639 1297 mant
670 1247 805 1296 hanc
828 1245 1136 1309 scripturam
1169 1246 1461 1294 luculenter
1496 1244 1689 1293 nummi
1726 1251 1933 1293 veteres
1968 1244 2140 1306 gentis
2166 1242 2430 1299 Hostilius,
2454 1256 2648 1307 ex-qua
2673 1242 2713 1291 ii

492 1328 833 1393 prodierunt:
871 1340 1000 1393 quos
1023 1325 1505 1376 nummos-Patinus
1528 1324 1739 1376 exbibet
1762 1323 1829 1373 de
1853 1323 2036 1373 Femil.
2061 1324 2212 1375 Rom.
2239 1338 2293 1387 p.
2318 1326 2435 1373 123.

559 1409 787 1472 Satyrus,
809 1421 962 1473 quem
1001 1406 1067 1456 de
1097 1407 1329 1456 Geminis
1366 1405 1636 1470 scripsisse
1671 1404 1874 1454 Plinius
1897 1403 2155 1467 significat
2181 1407 2520 1454 xxxvia-24.
2547 1408 2606 1456 et
2625 1408 2710 1453 25.

492 1489 816 1553 eundemque
838 1488 976 1538 iuter
1002 1486 1182 1551 poetas
1204 1492 1444 1536 recenset
1468 1500 1583 1550 cap.
1608 1490 1686 1535 11.
1709 1486 1942 1550 ejusdem
1967 1485 2103 1547 libri,
2132 1483 2218 1549 qui
2243 1485 2311 1535 de
2335 1486 2539 1535 electro
2562 1483 2712 1534 fabu·
2744 1519 2747 1526 .

424 1571 429 1577 '
491 1570 583 1618 lati
607 1577 759 1619 snut:
794 1583 891 1618 nec
916 1568 1303 1631 Peripateticus
1326 1569 1413 1617 ille
1436 1567 1559 1616 mihi
1584 1568 1791 1616 videtur
1810 1566 1996 1628 fuisse,
2027 1567 2115 1631 qni
2146 1567 2433 1616 Illustrium
2458 1566 2709 1615 Virorum

490 1651 702 1712 scripsit
727 1649 1149 1712 Historias,·quas
1174 1648 1349 1698 laudat
1368 1647 1655 1700 Athenaeus
1673 1647 1764 1697 lib.
1782 1661 1885 1697 xu.
1909 1662 1959 1712 p.
1976 1647 2339 1712 54l.·alibiqne
2364 1647 2553 1711 passim
2572 1662 2588 1695 ε
2610 1660 2710 1695 nec

488 1730 578 1779 ille
600 1730 784 1782 Quinti
808 1729 1105 1793 discipulus,
1132 1743 1284 1794 quem
1321 1738 1443 1779 ante
1482 1729 1734 1792 Pelopem
1758 1729 1995 1777 habuisse
2016 1742 2072 1777 se
2097 1727 2369 1777 medicina¹
2392 1728 2706 1790 magistrum

490 1818 669 1860 auctor
687 1818 767 1859 est
790 1810 1022 1860 Galenus
1044 1811 1096 1860 in
1120 1811 1413 1860 Comment.
1442 1809 1508 1859 ad
1535 1809 1624 1859 lib.
1648 1824 1686 1859 ι.
1710 1809 1966 1873 Hippocr.
1993 1810 2059 1858 de
2081 1808 2546 1865 Praedictionibns,
2569 1814 2706 1857 text·

489 1895 539 1941 5.
564 1905 615 1955 p.
637 1895 754 1941 703.
778 1898 918 1940 tomo
943 1904 1074 1940 vin.
1111 1890 1353 1940 *Inclinat
1384 1891 1549 1954 magis
1579 1891 1780 1940 animus
1803 1899 1864 1941 ut
1885 1890 2097 1940 credam
2122 1890 2368 1954 Satyrum
2389 1889 2538 1938 illum
2563 1904 2705 1953 esse,

489 1985 642 2035 quem
666 1970 973 2036 Olynthium
995 1971 1294 2022 histrionem
1327 1970 1611 2021 Athenaens
1634 1980 1789 2021 vocat
1824 1971 1918 2022 lib.
1939 1984 2065 2020 xm.
2088 1986 2138 2033 p.
2161 1974 2276 2020 591.
2301 1970 2390 2019 ubi
2410 1971 2530 2033 ejus
2552 1969 2708 2019 fabu-

488 2052 809 2115 lam-laudat,
826 2066 980 2116 quam
1003 2052 1090 2101 ille
1114 2052 1439 2116 Pamphilam
1459 2052 1815 2117 inscripserat.
1867 2052 2016 2101 Vixit
2038 2057 2160 2115 post
2184 2050 2513 2116 Euripidem.
2569 2050 2707 2101 Vos-

489 2132 596 2183 sius
619 2133 749 2181 libro
772 2133 838 2182 de
860 2131 1044 2183 Poe‘tis
1066 2133 1272 2184 Graecis
1291 2133 1427 2183 hune
1454 2133 1817 2197 praetermisit.

554 2212 784 2263 Scoevola.
818 2214 887 2265 Q.
921 2213 1130 2263 Mucius
1168 2213 1424 2278 Scaevola,
1448 2213 1536 2278 qui
1561 2214 1699 2277 juris
1719 2214 1888 2264 civilis
1911 2214 2120 2278 peritia,
2154 2222 2210 2263 et
2233 2214 2544 2279 eloquentia
2565 2214 2705 2264 cele·

484 2292 740 2343 bei-rimus
771 2292 890 2351 fuit,
915 2301 973 2343 ut
993 2295 1180 2344 Cicero
1202 2301 1430 2345 testatur
1450 2296 1516 2343 de
1542 2297 1694 2344 Orat.
1719 2295 1809 2344 lib.
1834 2308 1902 2344 ιι.
1927 2295 2150 2359 Syllanis
2175 2295 2503 2357 temporibus
2528 2311 2562 2343 a
2583 2295 2705 2344 Ma·

486 2374 568 2422 rio
588 2380 671 2422 est
692 2371 1017 2430 interfectus,
1039 2388 1155 2423 cum
1186 2373 1622 2438 proscriptionem
1656 2373 1887 2439 fugeret,
1924 2390 2169 2440 aramque
2193 2376 2624 2438 Vestaeiteneret,
2644 2384 2704 2425 ut

487 2456 564 2503 ait
584 2456 657 2504 D.
683 2454 904 2518 August.
926 2453 993 2503 de
1017 2454 1179 2504 civit.
1199 2468 1288 2505 111.
1308 2459 1391 2505 28.
1412 2462 1467 2505 et
1490 2458 1573 2506 29.
1624 2456 1830 2505 Primus
1869 2457 2094 2506 omnium
2119 2457 2211 2519 jus
2244 2456 2403 2506 civile
2442 2458 2498 2506 in
2532 2466 2700 2506 artem

487 2534 709 2600 redegit,
732 2534 876 2584 libris
901 2548 1071 2584 xvm.

550 2614 715 2677 Scipio
741 2616 980 2666 Metellus.
1032 2614 1169 2664 Vide
1190 2616 1433 2686 Metellus.

554 2695 741 2754 Scrofa,
781 2696 890 2751 vel,·
916 2704 975 2744 ut
1013 2695 1101 2744 alii
1124 2696 1378 2758 scribunt,
1419 2696 1512 2744 Cn.
1533 2695 1746 2760 Serapim
1772 2699 2068 2756 Tremellius,
2090 2704 2106 2727 ‘
2131 2698 2568 2764 agricolationem
2591 2699 2698 2750 elo·

486 2783 733 2839 quentem
757 2774 1020 2836 reddidit,’
1040 2776 1213 2840 inquit
1236 2774 1524 2826 Columella
1546 2791 1587 2827 ι.
1612 2783 1658 2828 1.
1683 2793 1735 2842 p.
1759 2782 1839 2829 la.
1873 2781 1888 2807 ‘
1912 2781 2145 2830 Plurima
2181 2795 2353 2830 rerum
2377 2781 2697 2831 rusticarum

485 2861 757 2918 praecepta
776 2855 927 2904 simul
950 2856 1220 2917 eleganter
1243 2862 1299 2906 et
1337 2857 1468 2905 scite
1500 2859 1761 2908 memoriae
1796 2859 2062 2923 prodidit‚'
2104 2861 2272 2925 inquit
2302 2860 2447 2910 idem
2469 2875 2537 2912 11.
2572 2865 2620 2911 1.
2645 2876 2699 2925 p·

483 2938 563 2984 37.
614 2934 771 2984 Paria
809 2934 877 2983 de
915 2949 978 2984 eo
1012 2936 1184 2985 Varro
1218 2942 1446 2987 testatur
1480 2952 1522 2988 1.
1549 2943 1596 2987 l.
1644 2941 1779 2992 Quae
1816 2940 2060 3004 Serophae
2101 2942 2325 2991 nominis
2348 2942 2498 3006 origo
2518 2939 2700 2991 sueriv

482 3014 625 3064 disce
648 3029 714 3065 ex
736 3014 1013 3066 Macrobio
1034 3017 1248 3067 Saturn.
1269 3030 1309 3068 1.
1331 3022 1381 3068 6.
1402 3031 1457 3081 p.
1477 3021 1594 3069 212.
1646 3020 1974 3072 Quaestorem
2007 3022 2145 3072 hunc
2176 3020 2337 3071 fnisse
2370 3022 2545 3073 tradit
2567 3023 2695 3073 Plu·

483 3096 691 3145 tar-chus
713 3096 764 3145 in
788 3097 991 3152 Crasso.
1015 3111 1066 3160 p.
1090 3101 1205 3147 549.

539 3176 751 3240 ¹Sebosus
772 3176 982 3227 Statius.
1038 3176 1177 3226 Vide
1200 3173 1408 3229 Statius.

544 3256 869 3321 Sempronius.
925 3255 1065 3307 Vide
1089 3258 1370 3307 naitanus.

543 3336 723 3388 Seneca
762 3338 1127 3402 Philosophus,
1167 3339 1390 3388 Neronis
1430 3338 1696 3403 magister.
1762 3342 1964 3393 Praeter
2006 3343 2143 3396 illins
2188 3358 2351 3409 opera
2389 3360 2512 3409 quae
2551 3360 2691 3396 nunc

481 3424 683 3480 extant,
701 3418 967 3481 regionum
990 3419 1145 3482 etiam
1165 3420 1300 3474 ‚situs
1320 3419 1617 3486 descripsit,
1645 3429 1702 3472 ut
1723 3423 1935 3474 Servius
1955 3431 2176 3475 testatur
2193 3426 2244 3474 in
2270 3427 2360 3476 lib.
2379 3440 2464 3476 tx.
2481 3423 2687 3476 AEneid.

479 3512 541 3548 ac
565 3498 764 3548 Plinius
787 3498 900 3561 ipse
927 3499 1018 3549 lib.
1040 3513 1124 3549 vl·
1144 3515 1259 3563 cap.
1281 3504 1363 3551 21.
1397 3509 1451 3550 et
1476 3502 1569 3552 lib.
1593 3516 1678 3551 ιιι.
1699 3518 1818 3568 cap.
1838 3509 1922 3555 78.
1985 3506 2073 3555 De
2095 3505 2312 3570 AEgypti
2332 3522 2458 3557 vero
2480 3508 2604 3570 situ,
2627 3515 2686 3557 et

476 3578 841 3648 AEgyptiorum
866 3581 1206 3645 sacris,.idem
1229 3582 1438 3632 Servius
1463 3584 1514 3632 in
1535 3598 1613 3632 v1.
1635 3584 1838 3635 AEneid.
1864 3585 1928 3635 ad
1944 3586 2069 3638 illud
2090 3587 2278 3651 poe‘tae,
2314 3594 2331 3617 ‘
2356 3590 2448 3639 Sic
2474 3590 2685 3639 demum

477 3659 620 3709 lucos
638 3659 880 3725 Stygios:
900 3661 1085 3711 δια-4
1104 3662 1330 3728 Scripsit
1352 3671 1408 3714 et
1429 3663 1495 3714 de
1518 3665 1788 3731 Fortuitis,
1813 3668 2136 3717 Tertulliano
2159 3675 2313 3727 teste,
2337 3668 2394 3719 in
2418 3668 2682 3735 Apologe·

476 3740 569 3790 tici
593 3739 735 3791 fine!
771 3742 864 3790 Ed.
879 3756 974 3791 sec.
1038 3744 1041 3747 ’

542 3821 771 3883 Serapion
812 3820 1166 3874 Antiochensis.
1225 3824 1536 3888 Γεωγραφικὰ
1567 3825 1703 3877 hunc
1738 3827 2123 3894 conscripsisse,
2156 3830 2208 3878 in
2241 3829 2431 3894 q‘uibus
2464 3831 2683 3883 Eratos·

475 3900 683 3949 tlienem
707 3901 857 3950 valde
880 3904 1235 3969 reprehendit,
1270 3914 1453 3955 auctor
1487 3913 1572 3956 est
1605 3907 1792 3957 Cicero
1824 3908 1889 3957 ad
1927 3908 2093 3959 Attic.
2118 3922 2180 3958 11.
2214 3916 2266 3959 6.
2295 3925 2348 3975 p.
2373 3915 2458 3962 49.
2525 3911 2680 3961 Idem

476 3981 638 4041 Epist.
660 3984 709 4031 «t.
731 3995 781 4044 p.
804 3985 886 4031 47.
921 3983 973 4032 in
1007 3984 1116 4047 ejus
1149 3985 1364 4050 scriptis
1397 3986 1488 4035 vix
1523 3986 1842 4037 millesimam
1875 3997 2078 4052 partem
2114 3989 2412 4054 intelligere
2435 4006 2493 4042 se
2516 3992 2681 4043 confi-

475 4067 635 4108 tetur.

540 4138 738 4199 Sergius
766 4143 963 4192 Paulus.
2052 4186 2059 4194 .

538 4217 772 4269 Servilius
810 4221 1134 4283 Democrates,
1167 4226 1243 4276 sic
1278 4226 1413 4279 enim
1443 4224 1586 4280 illum
1617 4228 1820 4281 Plinius
1855 4230 2086 4295 appellat
2114 4244 2250 4282 xxv.
2271 4235 2357 4282 49.
2426 4233 2677 4285 Meminit
