3000 4917
1165 391 1608 442 ΑυοτοηυΜ.
2307 382 2482 449 4915

288 533 439 583 cinna.
493 531 579 581 De
603 532 829 581 Etrusca
851 530 1142 596 disciplina,
1162 540 1220 582 ut
1244 532 1445 583 Plinius
1463 534 1537 585 ait
1558 534 1610 583 iu
1633 534 1815 585 Iudice
1837 534 1927 586 lib.
1941 549 2006 587 11.
2028 539 2269 591 volumen
2287 539 2483 591 edidit:

293 628 355 662 ex
385 628 486 677 quo
521 613 764 663 nonnulla
796 612 862 662 de
893 611 1179 676 fulguribus
1208 615 1397 667 recitat
1427 615 1631 665 Seneca
1664 616 1854 666 Natur.
1877 618 2080 669 Quaest.
2100 632 2164 668 ιι.
2186 624 2268 670 56.
2293 636 2346 683 p.
2368 624 2485 670 858.

293 708 402 743 cum
432 694 531 744 boc
563 694 764 757 elogio:
803 701 818 722 ⁸
845 694 1117 744 Facundus
1146 696 1259 758 vir,’
1282 696 1468 761 inquit,
1491 704 1506 726 ⁸
1529 696 1618 761 qui
1638 695 1907 747 habuisset
1931 698 2137 762 aliquod
2159 700 2214 751 in
2238 696 2486 765 eloquen-

292 775 362 827 tia
383 788 585 831 nomen,
606 775 706 825 nisi
727 774 870 845 illum
894 774 1160 824 Ciceronis
1181 774 1365 826 umbra
1393 775 1708 840 pressisset.'

357 854 546 905 Coelias.
610 854 746 903 Vide
765 854 1024 917 Antipater
1050 853 1245 905 Caelius.

355 935 512 998 Coepio
532 934 726 984 Tiberii
748 936 1041 999 principatu
1066 936 1218 986 vixit.
1279 936 1503 1001 Scripsit
1523 936 1592 985 de
1611 935 1823 987 floribus
1851 943 1906 988 et
1925 941 2322 995 coronamentis.

353 1017 515 1066 Goesar
549 1016 796 1078 Dictator,
813 1017 865 1064 in
902 1016 1086 1067 Indice
1109 1017 1199 1066 lib.
1218 1030 1382 1067 xvm.
1446 1017 1639 1068 Graece
1661 1018 1705 1066 is
1728 1018 1937 1084 dicitur,
1958 1029 2014 1070 ut
2038 1022 2307 1073 Tarrutius
2341 1022 2489 1085 fecit,

291 1096 670 1160 Astrologicum
691 1098 917 1146 studium
941 1099 1240 1149 illustrasse.
1309 1097 1459 1156 Ideo,
1481 1098 1662 1156 credo,
1683 1098 1871 1149 Graece
1894 1102 2076 1151 maluit
2106 1119 2260 1167 quam
2286 1105 2485 1161 Latine,

290 1178 418 1241 quod
441 1178 493 1227 in
516 1193 582 1227 eo
607 1179 914 1241 Astrologiae
938 1178 1112 1229 studio
1127 1176 1458 1228 familiariter
1479 1183 1717 1228 uteretur
1731 1178 1997 1243 Sosigem,
2016 1182 2221 1233 homine
2241 1182 2489 1248 AEgyptio

292 1258 473 1308 Groece
512 1259 701 1322 perito,
735 1273 837 1307 nou
876 1259 1003 1308 item
1038 1258 1244 1308 Latine.
1311 1258 1617 1308 Macrobius
1651 1259 1861 1309 Saturn.
1890 1274 1929 1310 1.
1956 1265 2033 1312 16.
2055 1277 2109 1325 p.
2130 1268 2244 1315 269.
2279 1263 2296 1291 ‘
2317 1265 2490 1315 Julius

292 1338 493 1401 Caesar:
531 1339 719 1403 inquit,
743 1339 1003 1390 ‘siderum
1038 1345 1229 1402 motus,
1253 1339 1319 1389 de
1352 1339 1540 1403 quibus
1574 1350 1677 1388 non
1713 1339 1952 1390 indoctos
1989 1342 2150 1392 libros
2172 1344 2402 1409 reliquit,
2423 1344 2490 1394 ab

291 1419 544 1484 AEgyptiis
578 1419 859 1485 disciplinis
892 1419 1098 1470 hausit.’
1163 1421 1245 1469 Ex
1283 1420 1384 1469 hoc
1409 1433 1568 1484 opere
1594 1418 1813 1469 Caesaris
1838 1422 2098 1484 permulta
2120 1424 2186 1472 de
2210 1432 2325 1477 ortu
2350 1425 2491 1475 side·

291 1514 398 1549 rum
429 1507 485 1549 et
517 1515 705 1551 occasu
740 1501 942 1550 Plinius
966 1498 1132 1551 refert
1155 1500 1247 1550 lib.
1275 1514 1447 1556 xvm.
1498 1498 1597 1565 ‘An
1620 1501 1977 1553 commentarii
2002 1502 2069 1553 de
2091 1503 2244 1554 Bello
2265 1503 2493 1567 Gallico,

293 1581 375 1644 qui
410 1582 507 1630 sub
539 1583 649 1645 ejus
684 1582 890 1632 nomine
916 1583 1069 1646 vulgo
1091 1580 1546 1642 circumferuntur,
1568 1581 1705 1630 illius
1733 1581 1858 1640 siut,
1879 1596 1943 1633 an
1969 1583 2099 1634 Julii
2130 1583 2291 1646 Celsi,
2314 1585 2375 1635 lis
2408 1591 2491 1635 est

292 1662 422 1710 inter
440 1662 672 1712 criticos.
738 1662 1036 1712 Priscianus
1059 1670 1231 1713 tamen
1255 1661 1451 1711 Caesari
1472 1661 1764 1724 adjudicat,
1787 1662 1878 1710 lib.
1902 1676 2005 1712 vn.
2031 1677 2084 1726 p.
2106 1667 2224 1713 770.

342 1744 645 1792 ementitias.
710 1743 775 1793 Iu
810 1743 995 1794 Iudice
1027 1744 1116 1813 lib.
1137 1756 1257 1793 xix.
1279 1742 1472 1793 dicitur
1499 1741 1757 1805 κηπουρικὰ
1782 1742 2075 1807 scripsisse,
2096 1743 2192 1793 hoc
2213 1750 2316 1806 est,
2334 1747 2394 1797 de
2417 1745 2491 1797 Re

292 1822 541 1872 Hortensi.
605 1822 679 1874 At
702 1824 791 1889 qui
815 1824 951 1874 illius
973 1823 1312 1880 meminisset,
1333 1830 1530 1886 praeter
1555 1822 1798 1880 Plinium,
1822 1823 1992 1886 reperi
2024 1823 2193 1874 adhuc
2216 1825 2492 1876 neminem.

232 1922 242 1929 ·
288 1902 502 1952 Animus
536 1898 813 1969 aliquando
844 1904 944 1965 fuit
970 1904 1268 1953 cassaniam
1302 1903 1354 1952 in
1380 1902 1647 1952 Caesellium
1681 1909 1914 1964 mutare„
1936 1903 2087 1966 cujus
2119 1903 2492 1955 commentarii

290 1984 594 2034 Lectionum
631 1986 972 2050 Antiquarum
1012 1985 1242 2034 citantur
1274 1998 1306 2033 a
1345 1984 1520 2033 Gellio
1559 1996 1623 2034 11.
1657 1987 1737 2032 16.
1770 1998 1824 2046 p.
1849 1986 1965 2032 147.
1997 1972 2167 2034 etur.
2190 1987 2268 2034 16.
2295 2000 2356 2047 p.
2376 1989 2493 2034 256.

289 2065 374 2113 sed
396 2065 582 2129 religio
605 2065 792 2116 deiude
818 2064 915 2114 fuit
937 2070 1120 2115 contra
1140 2066 1363 2115 omnium
1386 2064 1644 2120 codicum,
1667 2078 1797 2128 quos
1822 2063 1945 2123 vidi,
1967 2061 2125 2117 fidem
2147 2063 2240 2113 ire.

328 2146 599 2210 ‚Catippa
621 2131 808 2197 Grae'ce
845 2145 1111 2209 Κάλητος,
1133 2146 1418 2210 Cyzicenus
1452 2161 1484 2195 a
1519 2145 1687 2208 patria
1715 2144 2107 2205 cognominatus
2135 2143 2275 2208 apud
2299 2145 2492 2194 Censo-

292 2225 471 2289 rinum,
510 2240 557 2277 c.
580 2231 662 2277 18.
729 2228 1071 2278 Astrouomus
1104 2226 1508 2289 antiquissimus,
1539 2225 1687 2289 cujus
1722 2224 1861 2289 apud
1900 2224 2176 2274 Geminum
2210 2226 2406 2274 mentio
2440 2227 2492 2275 iu

290 2306 576 2356 Elementis
610 2308 974 2371 Astronomiae,
1007 2322 1056 2357 c.
1094 2311 1144 2357 6.
1185 2314 1241 2356 et
1280 2306 1625 2355 Ptolemaeum
1666 2304 1733 2357 de
1778 2303 2114 2368 Apparentiis
2148 2318 2201 2366 p.
2232 2308 2315 2355 93.
2351 2305 2491 2368 apud

292 2387 560 2438 Patavium
598 2391 649 2439 in
686 2389 1023 2453 Urauologio,
1057 2388 1142 2439 ubi
1181 2387 1387 2452 Calippi
1423 2385 1811 2436 observationes
1851 2385 1904 2433 in
1949 2384 2296 2448 Hellesponto
2341 2385 2492 2436 factas

291 2476 586 2520 nan-antur.

354 2549 654 2611 Callicrates,
685 2551 737 2598 in
758 2549 940 2599 Iudice
964 2549 1054 2598 lib.
1081 2562 1133 2598 v.
1155 2545 1523 2610 Geograpliica
1543 2544 1815 2607 scripsisse
1838 2543 2065 2597 videtur.

356 2630 664 2688 Callidemus,
686 2630 738 2679 in
759 2631 942 2680 Indice
963 2629 1056 2683 lib.
1076 2642 1158 2678 tv.
1228 2627 1497 2676 Laudatur
1522 2641 1554 2675 a
1576 2626 1774 2687 Selino,
1794 2640 1843 2673 c.
1865 2629 1944 2675 11.
1971 2638 2023 2688 p.
2044 2628 2125 2673 80.

354 2710 691 2772 Callimachus,
736 2711 907 2774 patria
946 2711 1252 2774 Cyrenaeus,
1296 2707 1425 2756 vixit
1468 2706 1535 2755 ad
1578 2707 1855 2756 Ptolemaei
1902 2706 2180 2768 Evergetae
2227 2712 2497 2769 tempora:

290 2791 502 2854 scripsit
534 2791 732 2855 κτίσεις,
755 2791 863 2841 sive
900 2790 1127 2853 Origines
1160 2789 1454 2839 Insularum
1487 2793 1544 2837 et
1584 2785 1833 2836 Urbium:
1867 2785 1937 2834 de
1966 2786 2140 2835 Rebus
2161 2785 2211 2833 in
2237 2785 2499 2848 Pelopon-

288 2885 412 2920 neso
443 2879 504 2922 et
542 2873 704 2923 Italia
737 2871 1080 2923 admirandis:
1116 2870 1184 2919 de
1220 2867 1490 2919 Piscibusz
1527 2866 1592 2915 de
1623 2865 1843 2914 Ventisz
1876 2866 1935 2914 de
1956 2864 2163 2926 Avibus,
2183 2863 2294 2927 rep}
2310 2863 2500 2927 ὀρνέων,

291 2952 440 3014 cujus
480 2954 659 3017 operis
689 2952 923 3003 meminit
959 2958 1016 3000 et
1049 2951 1220 3003 Isaac.
1248 2949 1467 2999 'rzetzes
1504 2947 1557 2994 in
1579 2945 1843 3009 Lycophr.
1864 2960 1914 3007 p.
1938 2949 2019 2995 82.
2043 2951 2101 2993 et
2132 2944 2307 2993 Schol.
2332 2945 2495 3006 Apol-

291 3033 412 3082 lonii
449 3033 518 3082 ad
561 3046 600 3082 1.
640 3038 785 3084 1040.
825 3034 890 3083 de
929 3031 1087 3081 Orbis
1127 3032 1402 3080 Terrarum
1444 3026 1780 3081 Fluminibus,
1824 3025 2026 3088 aliaque
2070 3024 2235 3073 multa
2269 3038 2384 3088 quae
2428 3039 2496 3076 ex

291 3112 450 3161 Suida
491 3112 601 3177 peti
641 3118 880 3176 possunt,
915 3126 968 3175 p.
1007 3114 1154 3161 1360.
1220 3107 1402 3157 Edidit
1439 3113 1697 3169 praeterea
1732 3105 1963 3168 hymnos,
1996 3104 2083 3167 qui
2116 3102 2374 3167 hodieque
2409 3118 2502 3151 ex·

294 3201 426 3243 tant.
500 3186 586 3245 De
605 3193 762 3252 ,Asiae
794 3191 1088 3245 fluminibus
1111 3188 1340 3239 edidisse
1361 3187 1623 3247 volumen,
1645 3190 1825 3236 auctor
1848 3191 1928 3235 est
1949 3183 2122 3235 schol.
2144 3182 2406 3245 Apollonii
2430 3183 2496 3231 ad

293 3288 332 3323 1.
356 3277 507 3328 1165.
1049 3296 1064 3308 ,

297 3388 303 3393 -
362 3355 681 3418 calliphanes,
705 3355 757 3402 iu
791 3353 973 3402 Indice
997 3351 1084 3402 lib.
1107 3364 1194 3400 ιιι.
1219 3357 1275 3404 et
1300 3362 1403 3398 vu.
1422 3362 1483 3398 ac
1510 3361 1612 3398 vu.
1635 3350 1686 3396 2.
1749 3343 1974 3408 Scripsit
1995 3342 2059 3392 τὸ
2082 3342 2497 3407 γεωγραφούμενα.

360 3435 698 3486 Callisthenes.
761 3434 944 3483 Patria
978 3432 1061 3482 hic
1098 3428 1379 3493 Olynthius
1413 3427 1534 3491 fuit,
1556 3434 1690 3477 teste
1721 3424 1919 3475 AEliano
1950 3425 2090 3477 Hist.
2115 3423 2284 3474 Aiiirn.
2309 3438 2427 3475 xvt.
2451 3428 2503 3475 3.

295 3516 591 3566 Aristotelis
614 3515 821 3564 auditor
842 3513 980 3563 idem
1004 3520 1057 3562 et
1077 3510 1433 3571 consobrinus,
1451 3514 1588 3558 teste
1609 3506 1819 3558 Laertio
1843 3506 1895 3555 in
1915 3506 2289 3569 Theophrasto,
2315 3519 2365 3567 p.
2385 3509 2500 3555 123.

292 3598 504 3660 scripsit
546 3596 704 3645 libros
739 3594 922 3645 decem
961 3606 1132 3645 rerum
1173 3607 1205 3641 a
1236 3590 1760 3650 Graecisgestarum,
1786 3592 1920 3637 teste
1945 3584 2182 3637 Diodoro
2203 3585 2377 3635 Siculo
2413 3582 2524 3632 lib..

296 3690 413 3729 xm.
441 3693 492 3740 p.
515 3682 630 3727 325.
651 3682 707 3724 et
726 3674 978 3724 Athenaeo
1000 3672 1089 3722 lib.
1112 3685 1168 3720 x.
1196 3685 1246 3734 p.
1269 3674 1386 3720 452.
1448 3671 1534 3719 De
1558 3668 1790 3717 radicum
1809 3664 2181 3727 herbarumque
2206 3662 2417 3719 viribus,
2439 3668 2498 3711 ut
2605 3687 2609 3690 <

296 3765 484 3809 auctor
516 3765 597 3806 est
630 3754 954 3819 Epiphanius
988 3752 1108 3803 adv.
1144 3751 1292 3801 Haer.
1320 3763 1360 3800 1.
1391 3753 1439 3797 8.
1506 3746 1755 3811 Ejusdem
1790 3743 2134 3793 Macedonica
2171 3741 2350 3790 laudat
2379 3741 2498 3793 Sto-

295 3837 438 3887 baeus
474 3837 642 3887 Serm.
678 3848 880 3889 xum.
915 3848 968 3897 p.
1008 3836 1124 3881 171.
1156 3837 1212 3880 et
1238 3827 1645 3886 ,Plutarchusain
1671 3824 1960 3886 Parallelis,
1981 3837 2032 3885 p.
2056 3826 2171 3872 307.
2233 3822 2499 3884 Thracica,

296 3919 437 3969 idem
483 3932 533 3978 p.
572 3920 688 3965 313.
752 3912 1224 3975 Metamorphoses,
1267 3907 1402 3957 idem
1445 3923 1495 3970 p.
1534 3910 1648 3955 806.
1685 3912 1741 3954 et
1774 3902 2002 3955 Stobaeus
2036 3902 2135 3951 loc.
2169 3901 2262 3951 cit.
2298 3916 2350 3966 p.
2386 3906 2497 3952 172.

297 3998 536 4057 Persica,
565 3996 753 4049 Suidas
788 4001 932 4045 tomo
955 4006 1019 4043 ιι.
1042 4007 1095 4055 p.
1117 3994 1235 4040 717.
1260 3991 1312 4039 in
1345 3983 1766 4055 Σαρδαναπάλουςε
1802 3982 1988 4032 Strabo
2024 3981 2112 4031 lib.
2139 3994 2280 4030 xvn.
2307 3996 2357 4044 p.
2383 3985 2497 4031 813.

298 4078 462 4128 libros
499 4078 565 4127 de
605 4078 759 4128 rebus
798 4075 956 4140 gestis
994 4071 1294 4123 Alexandri.
1364 4062 1599 4133 Denique
1637 4064 1978 4117 Callisthenes
2018 4063 2070 4112 ἐν
2103 4064 2173 4124 τῦ
2211 4061 2376 4125 aphra
2410 4063 2498 4111 τοῦ

300 4157 544 4220 nepta-mv
562 4157 799 4209 laudatur
821 4156 886 4205 ab
911 4152 1174 4217 Apollonii
1196 4150 1368 4203 Schol.
1390 4149 1453 4198 ad
1479 4162 1521 4198 1.
1545 4151 1691 4197 1040.

368 4240 694 4289 Callistratus.
753 4236 1016 4287 Laudatur
1039 4249 1071 4283 a
1106 4233 1525 4281 Plinio·xxxvu.
1548 4233 1627 4279 12.
1652 4235 1706 4277 et
1726 4231 1808 4279 25,
1830 4225 2015 4290 quibus
2037 4239 2102 4273 ex
2125 4224 2254 4274 locis
2275 4229 2497 4287 apparet

298 4319 571 4383 scripsisse
592 4318 947 4369 Callistratum
969 4312 1075 4376 περὶ
1096 4312 1257 4375 λίθων,
1279 4313 1335 4361 de
1356 4309 1616 4374 Lapidibus
1639 4305 1896 4369 Pretio-sis,
1919 4306 2110 4362 sivede
2138 4304 2365 4355 Gemmis.
