3000 4917
672 341 859 408 4428
1271 345 1283 354 '
1406 359 1469 405 c.
1518 354 1760 405 patrm
1807 355 2133 406 sucunnr
2175 359 2182 366 ·

678 506 875 584 pater
900 491 1121 582 ipsius
1149 498 1587 564 interemerat.
1675 499 1967 564 Transiit
1992 505 2058 564 et
2102 499 2187 563 ab
2219 500 2372 564 Diis
2400 499 2494 564 ad‘
2529 500 2815 565 hominus

678 609 953 676 statuas,
1013 608 1217 685 atque
1275 602 1505 666 multis
1564 601 1806 666 modis.
1894 601 2240 666 Bitumine
2299 602 2555 685 antiqui
2605 603 2815 685 tingue

676 706 834 768 bant
876 713 1040 781 eas‚¹
1085 721 1224 786 quo
1274 704 1491 785 magis
1539 704 1774 767 mirum
1815 711 1922 767 est
1966 706 2304 787 placuisse
2345 723 2512 768 auro
2545 705 2815 786 integere

677 806 838 870 Hoc
889 806 1119 870 nescio
1163 824 1245 870 an
1297 806 1685 870 Romanum
1727 806 1970 870 fuerit²
2024 805 2403 871 inventum:
2450 812 2617 870 certe
2658 807 2815 870 etian

676 907 921 971 Romae
949 925 1079 971 non
1107 908 1315 972 habet'
1342 914 1762 972 vetustatem.
1850 906 2123 990 Effigies
2166 909 2501 972 bominum
2531 927 2656 972 non
2686 910 2817 972 sole

672 1011 841 1072 bant
867 1010 1170 1092 exprimi,
1197 1010 1325 1073 nisi
1373 1009 1599 1092 aliqua
1648 1009 1886 1073 illustri
1923 1028 2137 1076 causa
2174 1010 2678 1093 perpetuitatem
2724 1029 2817 1072 me

672 1112 982 1189 rentium,
1015 1112 1230 1194 primo
1262 1130 1596 1175 sacrorum
1622 1111 2049 1174 certaminum
2071 1111 2375 1189 victoria,
2394 1111 2805 1193 maximeque

675 1211 1052 1298 Olympiae:
1119 1214 1238 1276 ubi
1282 1213 1572 1276 omnium
1626 1212 1739 1294 qui
1790 1212 2104 1276 vicissent
2154 1215 2411 1277 statuas
2464 1213 2670 1276 dicari·
2712 1229 2817 1274 mo

674 1309 842 1378 erat.
933 1307 1181 1378 Eorum
1207 1333 1384 1391 vem,
1432 1316 1550 1398 qui
1602 1323 1714 1378 ter-
1737 1315 1832 1379 ibi
1881 1315 2408 1398 superavissent,
2436 1334 2523 1380 ex
2554 1313 2819 1377 membri

670 1418 972 1499 ipsorum
1031 1417 1457 1481 similitudine
1517 1435 1872 1500 expressa,
1946 1437 2118 1502 quas
2189 1413 2519 1482 iconicasj
2592 1427 2819 1480 vocant

673 1517 1128 1583 Athenienses
1158 1521 1390 1583 nescio
1422 1539 1508 1582 an
1556 1521 1753 1603 primi
1786 1522 2081 1585 omnium
2113 1520 2487 1584 Harmodio
2512 1514 2539 1553 ¹¹
2583 1524 2649 1582 et
2678 1517 2819 1580 Aris

672 1620 962 1701 togitoni
984 1620 1423 1704 tyrannicidis
1464 1622 1736 1706 publice
1783 1624 2129 1707 posuerint
2178 1626 2456 1687 statuas.
2547 1620 2705 1684 Hoc
2754 1638 2821 1682 at

673 1728 813 1786 tum
844 1728 947 1787 est
968 1722 1208 1787 eodem
1237 1742 1434 1802 anno,
1465 1743 1605 1808 quo
1632 1731 1702 1790 et
1731 1724 1974 1790 Romae
2002 1743 2187 1807 reges
2219 1722 2426 1806 pulsi.
2513 1721 2819 1802 Excepta

674 1822 918 1887 deinde
968 1845 1077 1889 res
1128 1829 1236 1888 est
1285 1844 1328 1888 a
1376 1830 1516 1890 toto
1562 1828 1724 1890 orbe
1771 1833 2088 1891 terrarum
2128 1825 2608 1890 humanissima
2657 1822 2821 1887 ambi

672 1926 871 1989 tione.
960 1925 1052 1989 Et
1085 1927 1233 2010 jam
1262 1927 1559 1990 omnium
1588 1928 2102 2010 municipiorum
2148 1927 2351 1992 foris⁵
2396 1930 2639 1990 statuae
2674 1942 2821 1987 orna

586 2059 593 2074 =
672 2034 968 2091 mentum
998 2048 1150 2093 esse
1178 2048 1475 2113 coepere,
1508 2025 1986 2114 prorogarique
2032 2030 2359 2093 memoria
2405 2027 2766 2103 hominum,
2798 2045 2823 2089 ε

671 2128 956 2194 honores
985 2129 1248 2213 legendi
1281 2150 1433 2196 aevo
1460 2144 1487 2169 ⁶
1518 2133 1799 2198 basibus
1828 2132 2126 2204 inscribi,
2155 2152 2238 2195 ne
2266 2132 2334 2194 in
2361 2128 2691 2213 sepulcris
2724 2135 2823 2192 tar

672 2237 813 2293 tum
844 2230 1242 2312 legerentur.
1333 2233 1503 2298 Mox
1556 2232 1815 2300 forum¹
1859 2242 1927 2298 et
1964 2235 2034 2297 in
2087 2233 2400 2298 domibus
2431 2231 2707 2316 privatis
2732 2230 2823 2294 fa(

737 2369 762 2393 ⁰
797 2362 1037 2415 Posteris.

1592 2446 1953 2468 OOOOOOOOONO

736 2544 875 2592 Cn».
898 2555 979 2591 ιι.
1047 2547 1073 2593 1
1113 2544 1200 2593 Ita
1220 2558 1288 2594 ex
1320 2543 1473 2595 codd.
1494 2543 1799 2596 Harduinus
1823 2549 1879 2592 et
1912 2548 2137 2593 recentt.
2186 2540 2376 2604 antiqua·
2404 2539 2664 2603 pingebant
2690 2553 2771 2588 eas
2804 2539 2825 2587 fi

672 2609 850 2658 unone
888 2607 1121 2656 Gronov.
1155 2615 1211 2657 et
1248 2609 1425 2671 vnlgg.
1480 2609 1731 2669 tingebant
1765 2607 1882 2657 cod.
1917 2609 2203 2658 Dalec.—2
2238 2608 2324 2655 Ita
2344 2604 2497 2654 codd.
2516 2604 2684 2666 Regg.
2721 2604 2825 2651 Bru

673 2682 730 2721 et
752 2670 927 2720 Editio
990 2673 1214 2740 rinceps.
1285 2673 1455 2734 integi.
1512 2673 1623 2722 Hoc
1643 2687 1690 2720 n.
1709 2686 1772 2720 un
1796 2672 1866 2720 R.
1878 2671 2040 2730 suerit
2072 2672 2195 2721 Vet.
2221 2671 2407 2736 Dalec.
2480 2669 2710 2727 integere.
2767 2666 2825 2714 H

671 2752 722 2785 n.
747 2751 810 2784 an
831 2735 901 2785 R.
962 2734 1033 2784 uit
1066 2735 1184 2786 edd.
1217 2736 1617 2787 vett.·Gronov.
1654 2735 1911 2785 Harduin.
1935 2745 1989 2784 et
2021 2740 2341 2785 recena—3
2376 2734 2608 2784 Gronov.
2630 2731 2825 2779 maa-inu

672 2804 878 2863 qua—4
910 2800 1033 2849 Vet.
1056 2801 1241 2850 Dalec.
1265 2807 1314 2850 et
1331 2815 1471 2863 reges
1492 2802 1651 2850 Romu
1667 2801 1810 2863 pulsi.
1864 2802 2106 2863 deceptu
2143 2800 2373 2849 Gronov.
2402 2796 2658 2847 Harduin.
2684 2801 2730 2844 1.
2755 2799 2805 2844 2.

672 2871 730 2914 et
765 2871 990 2914 receuti.
1014 2869 1062 2914 et
1083 2880 1219 2928 reges
1244 2866 1413 2914 Romoe
1428 2866 1576 2928 pulei,
1595 2868 1775 2929 ξομ-5
1811 2865 1940 2914 eod.
1971 2865 2287 2925 Dalec.sori.

671 3101 992 3168 inscriptum,
1022 3120 1095 3156 Ex
1131 3120 1312 3158 cAssu
1354 3120 1592 3158 ramma
1629 3121 1730 3158 mi-
1809 3107 2135 3173 'majoresque
2184 3108 2420 3169 humana,
2474 3102 2825 3154 Hieronicam

667 3178 827 3231 'rvmss
894 3179 1130 3231 Affirmat
1165 3183 1261 3232 hoc
1298 3183 1466 3246 ipsum
1488 3181 1730 3233 Valerius
1809 3183 2047 3248 'figurae‘a
2070 3177 2825 3248 seulpt'oribus'exprimerentt

669 3258 818 3306 Max.
842 3273 893 3309 v.
914 3264 963 3309 8.
999 3263 1049 3309 2.
1086 3261 1367 3324 Dionysius
1406 3261 1583 3310 Halic.
1624 3260 1730 3310 An·
1812 3259 1885 3309 Et
1924 3253 2083 3309 Plato
2124 3259 2178 3308 in
2226 3257 2480 3307 Phaedro:
2532 3254 2825 3316 Ὗπισχνοῦμ

670 3333 768 3397 tiq.
791 3334 938 3383 Rom.
972 3333 1059 3382 lib.
1098 3348 1222 3384 vm.
1259 3349 1378 3399 pag.
1399 3340 1516 3386 ⁵46.
1569 3336 1730 3387 Alite
1807 3336 1999 3399 ’χρυσῆν
2035 3333 2194 3384 elxam
2226 3332 2535 3397 ἴσομὲψητον
2570 3330 2636 3381 εἰς
2660 3328 2825 3394 Aaou

670 3422 802 3473 rupe
825 3408 1087 3472 dejectum
1111 3411 1272 3460 aiunt.
1811 3409 2079 3470 ἃναθήσειν.
2291 3415 2298 3420 ’

728 3484 746 3527 J
783 3484 917 3539 Quas
950 3486 1180 3550 iconicas]
1211 3485 1430 3539 Εἷκονικὰ
1471 3487 1734 3551 ἀγάλματα
1809 3507 1816 3512 ·
1875 3486 1901 3520 ¹⁸
1935 3485 2230 3548 Harmodio]
2261 3484 2400 3535 Vide
2439 3482 2790 3534 Plutarchum

668 3566 827 3632 vocat
870 3559 1153 3611 Athenaeus
1195 3562 1286 3611 lib.
1334 3577 1372 3613 ι.
1418 3565 1462 3612 si
1504 3567 1731 3616 memini.
1813 3562 2137 3625 Antiphonte
2174 3562 2239 3609 de
2268 3557 2825 3611 numunianum

671 3636 938 3686 leonicum
972 3638 1304 3688 simulacrum
1331 3640 1654 3706 Tranquillus
1679 3643 1732 3692 in
1809 3637 1934 3701 cyd.
1975 3639 2067 3688 lib.
2106 3652 2182 3687 vr.
2219 3638 2466 3701 aliosque.
2520 3635 2568 3685 A
2606 3633 2825 3684 Praxite

668 3711 921 3778 Caligula,
945 3728 1060 3778 cap.
1079 3718 1162 3764 40.
1226 3716 1394 3766 Erant
1409 3717 1732 3781 ejuscemodi
1807 3715 2109 3766 elaboratas
2146 3727 2260 3764 esse
2303 3715 2393 3762 has
2430 3719 2635 3763 statuas
2677 3711 2824 3761 Plini

669 3793 861 3837 statuae
911 3790 971 3837 iis
1010 3790 1322 3850 bominibus,
1365 3808 1581 3858 quorum
1613 3809 1730 3859 spe·
1812 3798 1996 3842 auctor
2018 3797 2098 3842 est
2118 3806 2233 3853 cap.
2252 3795 2332 3840 19.
2350 3789 2467 3841 libri
2488 3789 2662 3851 hujus.

670 3861 805 3912 ciem
827 3862 1330 3932 referebant,'pares.
1400 3870 1624 3933 Majores
1642 3881 1729 3921 vo·
1805 3875 1814 3883 ’
1880 3867 2049 3918 ¹Mox
2077 3866 2269 3929 sonna]
2325 3865 2601 3918 Quaslibet
2647 3862 2825 3927 privat

670 3939 1556 4004 cabantur‘Augustae:'‘Colossi’
1580 3935 1732 4011 longe
1815 3946 1954 3996 aedes
1993 3944 2211 3996 totidem
2248 3945 2359 3993 fora
2390 3942 2569 3993 credas
2609 3954 2764 3990 esse:
2807 3947 2825 3989 t

668 4015 923 4065 maximae.
992 4016 1143 4066 Curae
1180 4019 1234 4067 id
1272 4020 1629 4072 Hellanodicis
1652 4021 1735 4073 fu·
1815 4024 2228 4074 suntinstructae
2247 4023 2403 4085 signis
2422 4021 2661 4082 singulae.
2720 4017 2825 4066 Sin

670 4092 794 4153 isse,
828 4091 1086 4141 Lucianus
1110 4100 1192 4142 est
1215 4104 1415 4161 auctor,
1438 4098 1490 4146 ἐν
1510 4099 1588 4160 τῷ
1619 4096 1734 4163 ὑπὲρ
1813 4100 2156 4150 translatione
2196 4099 2438 4163 populum
2476 4096 2772 4161 imaginum
2810 4108 2825 4143 ε

672 4164 880 4228 εἰκόνων,
904 4168 1002 4216 sub
1032 4168 1259 4234 initium,
1290 4179 1349 4223 ut
1370 4171 1548 4225 εῗκόνες
1575 4173 1732 4236 ἰσομέ-
1813 4178 1990 4246 petius
2011 4176 2147 4227 dixit
2171 4187 2384 4226 xxxin.
2406 4178 2489 4224 46.

670 4259 835 4306 epm-m
856 4252 1050 4309 essent,
1069 4258 1134 4293 ne
1157 4248 1485 4310 augustiores
1509 4250 1733 4316 scilicet,
