3000 4917
453 383 629 449 4794
1196 399 1261 444 c.
1310 394 1557 444 pmmr
1607 394 1946 443 securim

455 566 604 610 sum
636 542 837 621 ferro,
867 562 948 608 ac
981 543 1192 626 digito
1225 541 1728 619 circumdatum,
1762 541 1887 605 hoc
1934 538 2146 604 fuisse
2166 535 2196 574 ‘¹
2240 539 2581 617 annulum,
2611 545 2681 604 et

457 650 586 712 hoc
618 653 998 729 gemmam.²
2103 694 2108 701 .

544 768 633 815 11.
676 747 798 835 (1.)
842 750 979 814 His
1029 748 1244 813 initiis
1297 748 1514 831 coepit
1561 747 1929 812 auctoritas
1975 745 2044 810 in
2091 752 2349 810 tantum
2392 764 2682 811 amorem

459 855 661 931 elata,
709 860 782 917 ut
825 852 1180 937 Polycrati
1228 850 1484 927 Samio,
1536 857 1813 913 severo¹
1860 848 2235 914 insularum
2268 868 2349 913 ac
2382 848 2681 913 littorum

462 966 775 1043 tyranno,
835 955 1183 1020 felicitatis
1244 973 1415 1032 suae,
1477 972 1681 1045 quam
1740 952 2017 1047 nimiam
2075 951 2417 1016 fatebatur
2466 951 2685 1015 etiam

457 1062 631 1144 ipse,
683 1059 850 1123 satis
897 1057 1225 1142 piamenti
1277 1057 1349 1121 in
1402 1048 1604 1121 unius
1661 1075 1939 1139 gemmae
1992 1055 2375 1119 voluntario
2438 1026 2684 1119 damno

459 1162 820 1238 videretur,
882 1162 943 1224 si
1000 1178 1151 1223 cum
1211 1158 1497 1223 fortunae
1556 1157 1979 1222 volubilitate
2053 1158 2247 1240 paria
2306 1156 2592 1221 faceret.
2577 1165 2687 1194 ···

459 1266 794 1350 planeque
826 1264 912 1326 ab
945 1261 1377 1345 invidiaejus
1424 1260 1716 1340 abundet
1740 1280 1815 1324 se
1860 1260 2099 1324 redimi
2143 1267 2436 1342 putaret,
2470 1261 2529 1325 si
2557 1260 2686 1325 hoc

459 1388 666 1431 unum
715 1365 1069 1433 doluisset.
1162 1363 1468 1427 Assiduo
1518 1381 1676 1445 ergo
1729 1362 1979 1446 gaudio
2029 1362 2279 1437 lassus»,
2336 1360 2685 1444 profectus

460 1469 734 1552 navigio
763 1470 832 1532 in
863 1469 1100 1544 altum,
1134 1466 1454 1543 annulum
1488 1464 1740 1529 mersit.
1830 1463 1928 1528 At
1959 1464 2149 1528 illum
2181 1463 2399 1547 piscis
2430 1462 2687 1529 eximia

459 1571 915 1656 magnitudine
949 1570 1084 1654 regi
1115 1577 1334 1645 natuS‚
1358 1588 1537 1634 escae
1557 1567 2031 1655 viceraptum,
2059 1573 2137 1633 ut
2165 1567 2429 1631 faceret
2458 1574 2685 1631 osten-

461 1683 631 1753 tum,
681 1676 751 1739 in
796 1673 1087 1738 culinam
1117 1671 1369 1736 domini
1398 1690 1626 1735 rursus
1657 1669 1977 1736 Fortunae
2007 1666 2397 1734 insidiantis
2416 1664 2440 1704 f
2477 1689 2683 1734 manu

460 1776 773 1843 reddidit.
864 1773 1459 1859 Sardonychem²⁸
1505 1793 1656 1839 eam
1709 1792 2042 1856 gemmam
2091 1771 2309 1836 fuisse
2371 1778 2682 1838 constat:

461 1878 949 1962 ostenduntque
979 1876 1253 1953 Rornae,
1287 1877 1347 1939 si
1380 1876 1737 1951 credimuS,
1772 1876 1844 1940 in
1874 1873 2277 1940 Concordiae
2302 1872 2329 1910 ¹¹
2373 1875 2675 1968 delubro,

463 2001 669 2048 cornu
697 2000 903 2046 aureo
925 1975 1287 2063 Augusti³i
1317 1979 1492 2043 dono
1523 1978 1880 2058 inclusam,
1908 1984 1977 2044 et
2006 1979 2449 2045 novissimum
2478 1998 2686 2064 prope

461 2086 712 2163 locum,
744 2090 847 2148 tot
875 2082 1204 2166 praelatis,
1237 2082 1703 2147 obtinentem?

563 2204 682 2254 111.
730 2187 903 2252 Post
931 2185 1118 2250 hunc
1148 2186 1468 2251 annulum
1499 2187 1684 2269 regia
1735 2186 1919 2251 fama
1959 2191 2068 2252 est
2112 2205 2395 2268 gemmae
2440 2182 2684 2268 Pyrrhi

464 2286 695 2366 illius,j
754 2290 869 2374 qui
932 2289 1261 2355 adversus
1322 2290 1674 2355 Romanos
1735 2290 1982 2355 bellum
2040 2289 2275 2373 gessit.
2365 2285 2684 2370 Namque

528 2495 555 2519 ⁰
589 2487 890 2539 Felicitatem
932 2504 1070 2539 suam
1102 2489 1227 2539 satis
1265 2489 1571 2539 minuendam
1613 2488 1883 2537 arbitratus
1923 2491 2017 2550 est,
2053 2501 2196 2537 unam
2233 2500 2338 2535 eam
2372 2498 2611 2547 gemmam
2644 2483 2687 2530 εἰ

465 2559 630 2630 sponte
659 2558 895 2616 perderet,
934 2556 978 2603 si
1009 2556 1095 2604 Ιιοο
1115 2554 1334 2616 fortune
1367 2568 1549 2618 semper
1581 2552 1704 2603 alias
1743 2523 2017 2604 blandienti
2040 2552 2179 2617 quasi
2208 2550 2421 2602 vicissim
2457 2551 2687 2609 traderet,

468 2632 531 2667 ne
552 2618 604 2667 in
619 2620 731 2669 aliis
747 2619 889 2669 rebus
908 2621 1152 2668 adversam
1172 2622 1388 2669 sentiret.

534 2679 559 2714 ⁶
591 2685 713 2733 Cum
735 2690 808 2734 tot
829 2685 916 2734 alii
938 2685 1032 2749 ipsi
1046 2685 1385 2749 preferuntur.

1391 2778 1663 2800 ‘0000‘on
1667 2778 1757 2800 000

534 2875 832 2927 CAP.1.1
868 2878 1057 2928 Dalec.
1077 2875 1238 2938 futili.
1242 2882 1339 2928 -2
1375 2879 1461 2929 Ita
1485 2878 1640 2929 codd.
1664 2876 1919 2928 Harduini
1945 2882 2001 2926 et
2024 2877 2210 2927 Dalec.
2246 2888 2363 2924 eum
2388 2872 2516 2924 edd.
2549 2872 2684 2922 Har·

468 2940 613 3056 donin.
650 2945 699 2992 1.
723 2947 772 2992 2.
797 2945 845 2993 3.
885 2951 941 2993 et
974 2950 1198 2993 recentt.
1262 2944 1627 3008 circumdatum,
1648 2943 2035 3008 anulumfftlwo
2061 2956 2297 3005 gemmam
2330 2939 2454 2989 edd.
2481 2943 2613 2989 vett.
2635 2944 2686 2986 et

525 3020 703 3056 ronov.

533 3072 672 3123 CAP.
711 3086 776 3123 n.
838 3040 872 3121 Ι1
910 3074 1041 3125 Voc.
1077 3088 1238 3124 severo
1270 3074 1422 3125 deest
1461 3075 1515 3126 in
1549 3075 1673 3124 Ver.
1706 3070 1886 3123 nanee.
1889 3075 1988 3121 -2
2024 3071 2345 3132 Smaragdum
2367 3067 2576 3119 Herod.
2604 3081 2685 3116 nr.

467 3139 649 3186 ‹th—3
684 3136 766 3186 Ita
791 3137 944 3187 codd.
968 3138 1229 3188 Har-duint
1267 3147 1323 3190 et
1357 3141 1547 3192 Dalec.
1567 3154 1686 3190 cum
1720 3138 1844 3189 edd.
1878 3137 2137 3188 Harduin.
2164 3141 2207 3185 1.
2240 3139 2289 3186 2.
2314 3139 2363 3184 3.
2384 3141 2445 3184 et
2467 3140 2688 3184 recentt.

465 3198 708 3264 Auguste
729 3203 852 3253 edd.
878 3211 1009 3254 vett.
1042 3211 1098 3255 et
1119 3205 1349 3256 Gronov.
1947 3241 1952 3247 ·

1467 3369 1520 3420 N
1526 3367 1685 3420 01·AE

537 3478 562 3513 ἅ
595 3478 896 3545 Hocfuisse]
928 3481 1201 3533 Sententia
1217 3491 1319 3542 est,
1338 3483 1537 3535 ferrum
1616 3489 1699 3535 33.
1740 3497 1861 3548 pag.
1898 3487 1982 3533 63.
2047 3477 2385 3541 Smaragdnm
2417 3477 2509 3526 alii
2545 3477 2687 3526 aiunt

470 3554 635 3633 digito
695 3556 1077 3606 circumdatum
1144 3562 1318 3610 annuli
1376 3563 1539 3611 vicem
1617 3558 1797 3622 fuisse,
1829 3559 1967 3607 inter
2002 3570 2130 3622 qnos
2166 3551 2471 3604 Herodotus
2496 3565 2587 3601 ΙΙΙ.
2609 3555 2688 3601 41·

469 3632 790 3696 praebuisse.
848 3648 1087 3699 gemmae,
1122 3637 1235 3686 saxi
1278 3636 1539 3703 fragmen·
1618 3651 1738 3702 pag·
1761 3638 1875 3686 178.

470 3717 582 3760 tum
606 3708 750 3760 ferro
779 3711 1053 3762 inclusum.
1684 3711 1707 3745 ¹¹
1740 3713 1801 3761 In
1825 3710 2127 3773 Concordioe]
2183 3707 2342 3756 Urbis
2367 3705 2582 3768 regione
2602 3718 2686 3753 oc-

534 3788 965 3853 ‘Pariafaeeretj
1000 3790 1244 3842 Diximus
1260 3791 1326 3842 de
1349 3808 1411 3842 en
1433 3792 1535 3842 for-
1619 3795 1756 3839 rava.

468 3877 555 3913 ma
591 3865 835 3930 loquendi
876 3880 937 3915 n.
973 3871 1057 3917 88.
1123 3866 1380 3919 Referunt
1404 3871 1537 3919 hanc
1685 3863 1970 3927 magnaei]
2031 3863 2118 3911 Sic
2161 3861 2294 3910 Mss.
2339 3873 2542 3920 omnes,
2586 3871 2686 3907 non

471 3939 738 3991 historiam
783 3951 1023 3995 auctores
1068 3945 1155 3995 alii
1205 3946 1458 4012 appellati
1505 3961 1538 3996 a
1619 3944 1877 4006 Auguste,
1913 3948 1972 3990 ut
2001 3938 2154 4001 editi,
2174 3937 2313 4003 qnod
2336 3936 2577 3988 hocloco
2601 3933 2685 3984 ab·

471 4014 622 4066 nobis
646 4030 860 4069 xxxm.
881 4023 930 4069 6.
1618 4035 1822 4070 sonum.

537 4089 560 4122 f
587 4092 815 4143 Furtum
853 4095 1154 4161 insidiantis]
1207 4096 1535 4149 Blandientis
1677 4094 1696 4138 l
1728 4092 1917 4158 Pyrrhi
1937 4090 2092 4153 illim]
2150 4089 2310 4153 Regii!
2334 4088 2680 4152 EP¹¹⁰t⁸¹⁹¹¹¹¹¹

472 4183 610 4219 nunc
632 4168 863 4234 quidem,
898 4172 991 4222 sed
1026 4174 1180 4237 paulo
1212 4188 1331 4223 mox
1355 4160 1537 4226 necem
1601 4171 1707 4244 ,qui
1728 4170 1921 4220 bellum
1946 4167 2196 4217 adversus
2218 4167 2476 4214 Romanos
2500 4163 2678 4212 decen-

472 4243 755 4308 molientis,
777 4253 836 4295 nt
859 4244 1081 4296 diximus
1106 4262 1314 4301 xxxin.
1337 4254 1387 4300 6.
1620 4244 1706 4297 nio
1739 4252 1853 4295 toto
1888 4259 1983 4330 pro
2016 4241 2307 4293 Tarentinis
2342 4239 2530 4305 gessit,
2560 4244 2677 4288 unte

542 4329 568 4365 ε
598 4320 978 4385 Sardonychem]
1016 4322 1098 4374 Ita
1119 4333 1175 4374 et
1195 4325 1397 4374 Solinus
1419 4341 1537 4391 cap.
1622 4323 1878 4374 Punicum
1904 4320 2145 4386 primurn.
