3000 4917
836 370 1016 421 ΝΑΤ.
1060 371 1265 422 Ηιετ.
1311 372 1460 421 mn.
1508 372 1799 423 xxxvi.
1840 361 1950 428 58.

2313 368 2486 436 4771

282 513 621 597 capitulis
653 513 1139 579 Corinthiarum
1169 516 1399 580 eadem
1433 523 1537 582 est
1586 518 1902 599 altitude,
1956 542 2113 606 quae
2159 525 2489 609 colligitur

281 618 730 682 crassitudine
759 619 930 682 ima:
962 618 1254 703 ideoque
1282 621 1664 701 graciliores
1688 623 2031 690 videntur:
2075 627 2284 693 Ionici
2310 631 2488 695 enim

282 719 566 800 capituli
594 719 887 797 ,altitudo
920 721 1114 783 tertia
1143 740 1302 803 pars
1335 730 1443 785 est
1471 725 1959 792 crassitudinis.
2053 728 2355 815 Antiqua
2384 752 2488 797 ra-

281 821 419 884 ῑίο8
462 830 609 885 erat
645 822 1102 885 columnarum
1152 823 1551 902 altitudinis»,
1601 827 1791 890 tertia
1836 847 1993 910 pars
2023 831 2485 898 latitudinum³

281 924 572 988 delubri.
636 923 719 987 Iu
750 924 1066 1007 Ephesiae
1091 922 1336 989 Diauae
1370 926 1541 1003 tede,
1574 927 1655 991 de
1685 946 1823 1011 qua
1853 931 2042 1015 prius
2070 932 2199 997 fuit
2231 936 2495 1013 sermo,t

279 1026 578 1108 primum
629 1025 963 1090 columnis
1015 1027 1218 1109 spirae
1274 1027 1623 1105 subditae,⁰
1673 1037 1744 1092 et
1795 1033 2183 1114 capitulass
2222 1035 2488 1101 addita.

281 1125 694 1214 Placuitque
748 1128 1118 1192 altitudinis
1170 1134 1415 1193 octava
1467 1148 1622 1212 pars
1677 1132 1744 1195 in
1793 1136 2257 1216 crassitudine,
2302 1143 2370 1201 et
2416 1144 2491 1203 ut

280 1229 491 1311 spirae
522 1230 838 1295 haberent
869 1231 1334 1296 crassitudinis
1363 1232 1739 1310 dimidium,
1784 1238 2225 1327 septimaeque
2268 1246 2491 1323 partes

279 1331 827 1396 detraherentur⁵
873 1350 1275 1396 summarum
1308 1334 1755 1398 crassitudini.
1760 1346 1783 1373 ⁸
1870 1336 2125 1402 Praeter
2163 1340 2284 1404 has
2316 1349 2487 1416 sunt,

280 1452 439 1515 quae
479 1441 803 1517 vocantur
829 1432 1080 1498 Atticae
1109 1434 1466 1511 columnae,
1495 1436 1846 1518 quaternis
1872 1441 2161 1521 anguliS,
2200 1444 2345 1525 pari
2388 1444 2487 1507 la·

283 1544 498 1599 terum
529 1536 747 1601 interv
750 1538 911 1601 allo·

379 1638 904 1724 nvn.(xx1V.)
950 1638 1179 1703 Calcis
1212 1638 1375 1703 etin
1403 1637 1734 1702 medicina
1770 1660 2050 1722 magnus
2082 1660 2265 1707 usus.
2357 1645 2491 1710 Eli-

285 1742 510 1823 gitur·
552 1761 805 1818 recenS,
857 1760 981 1805 nec
1027 1758 1305 1824 aspersa
1353 1741 1584 1824 aquis:
1635 1741 1787 1818 urit,
1837 1741 2136 1820 discutit,
2182 1747 2494 1824 extrahit,

285 1841 871 1927 incipientesqueb
914 1840 1507 1925 serpereulcerum
1547 1844 1837 1926 impetus
1863 1843 2149 1910 coercet.
2236 1846 2493 1914 Aceto⁸

186 1959 191 1967 ·
286 1952 354 2009 et
379 1964 662 2009 rosaceo
694 1953 1063 2026 temperata
1092 1944 1399 2026 perducit
1429 1944 1513 2008 ad
1545 1946 1947 2010 cicatricem.
2008 1946 2300 2012 Luxatis
2332 1970 2494 2032 quo·

285 2067 421 2131 que
454 2068 604 2112 cum
639 2046 839 2130 adipe
870 2045 1070 2109 suillo
1117 2051 1233 2109 aut
1262 2045 1523 2128 liquida
1553 2045 1771 2109 resina
1803 2065 1896 2111 ex
1926 2046 2122 2111 melle
2153 2049 2493 2117 medetur:

286 2150 532 2214 eadem
565 2143 1094 2230 compositioned
1140 2154 1210 2209 et
1246 2147 1542 2210 strumis.

379 2268 601 2314 Lvm.
675 2240 943 2315 Maltha
991 2268 1027 2312 e
1076 2246 1307 2312 calcee
1350 2247 1428 2312 fit
1478 2249 1758 2312 recenti.
1867 2246 2139 2319 Glebaf
2181 2253 2335 2316 vino
2389 2273 2493 2318 re-

355 2448 487 2497 ⁶Et
518 2454 574 2496 ut
610 2447 734 2496 basis
770 2448 824 2494 in
848 2445 1100 2495 altitudine
1125 2444 1315 2493 haberet
1348 2443 1596 2492 dimidium
1632 2443 1965 2492 crassitudinis
1985 2446 2333 2492 columnarum.-
2366 2448 2412 2492 et
2448 2443 2495 2492 ei

286 2512 506 2564 dirnidioe
538 2513 846 2560 crassitudini
873 2525 988 2574 pars
1019 2510 1220 2572 septima
1252 2509 1599 2564 detraheretur,
1631 2514 1685 2557 ut
1702 2506 1851 2572 fieret
1870 2506 2010 2567 justa
2032 2522 2246 2558 mensura
2267 2508 2494 2557 crassitu-

287 2570 422 2625 dinis
443 2591 637 2625 smnmoe
658 2577 904 2637 columnoe,
923 2575 1020 2623 siue
1042 2575 1219 2638 capitul
1218 2574 1256 2622 i.

1216 2699 1424 2720 ‘m‘OO
1398 2698 1577 2718 ‘m

290 2795 484 2852 Dalec.
488 2807 586 2851 —3
612 2801 741 2850 Cod.
763 2800 950 2850 Dalec.
965 2800 1282 2850 altitudinem.
1286 2804 1382 2849 ··-4
1402 2798 1488 2848 Ita
1508 2798 1662 2848 codd.
1676 2794 1930 2846 Harduini
1954 2810 2069 2845 curn
2093 2795 2213 2845 edd.
2236 2794 2493 2844 Harduin.

290 2873 339 2916 1.
375 2872 426 2916 2.
450 2872 499 2916 3.
526 2874 580 2915 et
601 2870 819 2914 recentt.
874 2863 1089 2927 capitella
1112 2865 1341 2915 Gronov.
1367 2871 1421 2912 et
1454 2865 1615 2927 vulgg
1619 2869 1727 2912 .—6
1766 2862 1882 2910 Vet.
1907 2849 2096 2909 Dalec.
2120 2861 2362 2923 septimum
2395 2875 2496 2920 eJus

289 2933 451 2996 partis
474 2931 842 2981 detrahentibus.

1211 3017 1220 3025 ·
1293 3008 1507 3058 NOTAE
1613 3035 1621 3039 -

292 3126 347 3175 p.
370 3112 454 3159 59.
487 3108 695 3158 ‘Iouici
730 3106 943 3171 capituli
984 3105 1204 3156 altitudo
1247 3115 1351 3155 ter·
1435 3104 1584 3153 unius
1609 3102 1727 3165 tori,
1750 3106 1839 3150 aut
1860 3098 2115 3150 duorum!

291 3187 369 3236 tis
407 3199 532 3249 pars
568 3193 648 3234 est
677 3183 1033 3233 crassitudinis
1065 3184 1348 3233 columnae·
1496 3179 1624 3226 Et
1646 3175 1880 3240 capitula]
1915 3177 1986 3225 Le
2004 3176 2249 3239 chapiteau
2269 3174 2326 3224 de
2350 3176 2397 3222 la
2416 3188 2495 3225 ce-

298 3260 579 3317 Coriuthii‚
646 3268 756 3308 tota
816 3258 1106 3308 crassitudo
1172 3257 1352 3320 scapi-³
1439 3257 1606 3304 lemae.

297 3337 533 3400 Scapum
556 3342 815 3386 nostrates
842 3342 1046 3390 vocant,
1071 3334 1115 3383 le
1135 3332 1215 3392 vi(
1227 3335 1285 3382 de
1307 3334 1356 3382 la
1499 3338 1524 3365 ⁸
1564 3330 1794 3392 Eligitur,
1816 3326 1924 3391 qu]
1958 3328 2088 3378 Haec
2127 3327 2345 3378 totidem
2381 3340 2495 3379 ver·

297 3413 528 3462 colmane.

354 3497 375 3523 ⁸
406 3489 629 3552 Antiqua
649 3489 798 3553 ratio]
831 3488 918 3538 De
954 3503 1056 3553 qua
1088 3484 1355 3536 Vitruvius

292 3578 372 3614 ιν.
396 3569 450 3614 7.
477 3580 528 3628 p.
550 3568 632 3613 ⁷5.

356 3641 374 3675 ⁸
406 3641 490 3690 De
511 3655 606 3703 qua
625 3639 762 3702 prius
779 3638 888 3699 fuit
909 3635 1087 3699 sermo]
1119 3637 1250 3700 Cap.
1273 3640 1357 3685 21.

355 3724 383 3750 ⁸
416 3715 581 3780 spiro.»
611 3714 836 3777 subditae]
879 3713 1044 3776 Spirae
1092 3719 1212 3761 sunt
1255 3708 1358 3760 tori

292 3792 403 3841 sive
450 3791 629 3840 auutili
651 3790 870 3845 basium,
909 3789 997 3852 qui
1039 3789 1357 3850 serpentium

294 3881 386 3916 seu
408 3865 552 3918 funis
575 3866 839 3915 convoluti
866 3863 1252 3914 similitudinem
1275 3877 1356 3910 re·

293 3942 474 3992 ferunt
501 3959 516 3991 ε
559 3945 627 3992 les
665 3944 926 4004 rondeaux,
967 3939 1164 4003 anelets,
1204 3941 1356 3988 astra-

292 4024 443 4082 gum,
463 4035 525 4068 ou
540 4018 749 4072 tanaim,
764 4019 806 4067 le
827 4020 930 4067 tore
949 4030 1009 4066 ou
1030 4017 1074 4066 le
1096 4017 1256 4078 baton,
1278 4014 1360 4079 qui

296 4102 563 4161 eomposent
580 4098 630 4145 la
652 4095 759 4144 base
777 4097 836 4144 de
857 4095 903 4142 lu
917 4094 1139 4142 columne.
1175 4090 1257 4141 Ex
1280 4091 1359 4140 his

297 4185 350 4225 et
377 4176 516 4224 basis
540 4174 653 4236 ipsa
676 4171 814 4234 spira
835 4177 1181 4232 nuncupatur.
1239 4169 1359 4218 Fes-

288 4253 409 4302 'tusz
448 4253 464 4279 ‘
489 4250 648 4319 Spita
684 4249 876 4298 dicitur
915 4248 1048 4296 basis
1088 4247 1360 4308 columnae,

1436 3406 1517 3456 bis
1538 3407 1722 3455 Diosc.
1746 3419 1798 3455 v.
1822 3404 1935 3454 13³.

1503 3481 1527 3515 b
1577 3478 1979 3544 Incipientesque]
2029 3478 2211 3529 Diosc.
2253 3478 2354 3530 loc.
2401 3479 2492 3529 cit.

1437 3556 1719 3608 Marcellus
1750 3556 1947 3619 Empir.
1977 3570 2024 3606 c.
2045 3560 2094 3605 4.
2131 3570 2183 3620 p.
2202 3558 2283 3606 42.
2308 3563 2362 3604 et
2385 3554 2495 3605 Pli-

1438 3635 1555 3684 nius
1572 3634 1750 3682 Valer.
1774 3646 1864 3681 ιιι.
1884 3637 1965 3681 22.

1461 3762 1465 3768 ,
1500 3717 1524 3744 0
1555 3709 1731 3773 Aceto]
1766 3706 2025 3756 Auctor-es
2059 3707 2215 3755 iidem
2257 3706 2492 3769 proxime

1437 3784 1708 3851 appellati.

1501 3863 1528 3897 d
1564 3864 1741 3912 Eadem
1773 3859 2126 3924 compositione]
2158 3857 2360 3909 Plinius
2388 3859 2492 3911 Va·

1437 3940 1534 3989 ler.
1557 3953 1642 3987 111.
1665 3942 1748 3987 29.

1501 4023 1528 4049 θ
1559 4014 1748 4062 Mamm
1786 4027 1812 4062 e
1848 4010 1996 4074 calce]
2029 4010 2297 4062 Palladius
2337 4026 2376 4060 1.
2413 4014 2493 4063 1⁷.

1441 4106 1493 4157 p.
1516 4095 1595 4141 16.
1627 4097 1641 4119 ⁸
1671 4089 1783 4139 Hoc
1809 4100 1968 4152 genus
1999 4089 2202 4138 malthae
2228 4085 2495 4136 adhibebi-

1439 4182 1553 4218 mus
1569 4202 1581 4214 .
1603 4202 1615 4215 .
1633 4166 1800 4214 .Picis
1822 4163 2030 4228 liquidae
2052 4170 2295 4228 quantum
2322 4160 2497 4210 volue-

1444 4249 1532 4304 ris,
1582 4251 1637 4295 et
1681 4241 1985 4293 tantundem
2031 4252 2197 4292 sumes
2240 4238 2496 4302 unguinis,
