3000 4917
352 2748 373 2757 “
395 2763 410 2776 .
481 2752 591 2799 era,
612 2738 940 2802 pluteosque,
972 2736 1159 2802 quibus
1185 2751 1325 2800 vasa,
1349 2738 1539 2787 caude-

489 381 666 450 4802

489 542 656 609 titis.
741 536 1224 623 Excrescitque
1262 538 1334 602 in
1362 537 1514 604 dies
1554 538 1704 624 ejus
1736 538 1829 602 rei
1857 539 2089 617 luxuS,
2119 536 2462 605 mun-hino
2499 554 2696 605 Lxx.

491 642 762 710 talentis
782 648 807 678 ²
826 638 853 677 ¹‘
901 647 1108 719 emto,
1161 639 1406 724 capaci
1464 641 1664 727 plane
1713 638 1803 704 ad
1853 639 2202 709 sextarios,
2232 644 2370 704 tres
2388 638 2418 707 ¹.
2462 641 2699 706 calice.

492 745 773 810 Potavit
830 763 921 807 ex
979 762 1062 807 eo
1117 746 1272 807 ante
1317 742 1440 806 hos
1492 761 1698 806 anuos
1751 743 2144 819 consulariS,
2199 743 2289 806 ob
2339 762 2637 807 amorem
2655 751 2700 778 '¹¹

492 849 736 913 abroso
759 852 780 892 ³
827 844 977 929 ejus
1007 845 1320 926 margine,
1365 851 1442 908 ut
1480 852 1705 908 tamen
1747 843 1997 927 injuria
2024 845 2144 908 illa
2175 845 2462 927 pretium
2499 865 2700 927 auge-

489 955 634 1015 ret:
678 967 894 1032 neque
930 951 1031 1011 est
1071 946 1271 1010 hodie
1325 947 1642 1011 murrhini
1693 947 1966 1015 alterius
2013 947 2485 1030 praestantior-⁶
2528 948 2703 1013 indi·

491 1054 773 1116 catura-⁸¹
860 1047 1050 1112 Idem
1091 1050 1161 1113 in
1204 1047 1477 1133 reliquis
1509 1051 1768 1132 generis
1800 1048 1952 1132 ejus
1982 1055 2304 1133 quantum
2332 1053 2699 1129 voraverit,

489 1154 650 1219 licet
678 1146 1066 1221 existimare
1092 1171 1184 1215 ex
1214 1152 1661 1228 multitudine,
1688 1172 1842 1237 quae
1868 1158 2058 1216 tanta
2085 1152 2233 1232 fuit,
2260 1155 2335 1215 ut
2358 1149 2697 1218 auferente

489 1254 718 1319 liberis
762 1253 912 1337 ejus
972 1251 1245 1317 Nerone
1292 1252 1642 1333 Domitio,⁸
1701 1253 2037 1318 theatrum
2053 1252 2449 1363 peculiare
2512 1259 2699 1318 trans

487 1356 784 1421 Tiberim
840 1355 1145 1418 hortis4⁰
1203 1354 1529 1437 exposita
1583 1361 2035 1441 occuparent.
2053 1330 2280 1438 quod
2338 1373 2382 1418 a
2439 1357 2698 1439 populo

484 1456 751 1541 impleri
780 1459 1049 1521 canente
1078 1473 1180 1532 se,
1210 1455 1367 1519 dum
1399 1455 1823 1539 Pompeiano
1844 1465 1871 1504 Ρ
1916 1455 2246 1539 praeludit,
2251 1466 2276 1493 ⁶
2310 1456 2520 1520 etiam
2556 1457 2700 1522 Ne-

484 1560 635 1625 roni
664 1557 830 1625 satis
856 1563 1025 1622 erat.
1109 1555 1276 1622 Vidi
1306 1561 1461 1622 tunc
1493 1558 1946 1622 annumerari⁵
1974 1558 2175 1622 unius
2204 1557 2446 1640 scyphi
2478 1557 2699 1624 fracta

1212 395 1277 444 0.
1325 392 1573 442 Pmml
1621 391 1957 444 suevum

550 1742 579 1767 ⁸
606 1732 772 1795 Μῶα
796 1733 1021 1798 pretium.

549 1797 573 1830 ⁸
612 1800 682 1848 Ut
702 1813 807 1847 cum
830 1800 963 1848 Nero
988 1799 1153 1846 Coesar
1173 1813 1228 1847 ea
1243 1800 1409 1862 pocula
1430 1796 1595 1848 tiberis
1615 1796 1718 1859 eius
1744 1799 1972 1859 auferret.

549 1869 572 1894 θ
601 1863 736 1914 Dum
750 1877 803 1913 ee
814 1868 957 1926 parat
975 1863 1040 1913 ad
1059 1864 1319 1912 mumdum
1337 1865 1391 1914 in
1411 1862 1635 1926 Pompeii
1655 1864 1861 1914 theatro.

1401 2005 1641 2028 ONNOOO
1644 2007 1766 2028 ΜΟ

478 2110 702 2157 ποι-2
735 2106 824 2156 Ita
844 2106 1000 2157 codd.
1025 2107 1191 2170 Regg.
1221 2109 1272 2156 2.
1292 2111 1342 2156 3.
1366 2112 1415 2157 6.
1438 2111 1488 2156 6.
1514 2106 1776 2157 Herduin.
1811 2114 1867 2157 et
1909 2108 2099 2156 Dalec.
2132 2121 2247 2156 enm
2284 2103 2693 2156 edd.‘Hardnin.

485 2176 532 2221 1.
554 2176 603 2220 2.
622 2175 671 2219 3.
687 2179 743 2220 et
767 2179 991 2222 recentt.
1055 2171 1233 2220 LXX.
1252 2173 1485 2221 sestertiis
1511 2172 1665 2222 codd.
1700 2172 1925 2221 Vindob-
1958 2180 2011 2220 et
2052 2171 2382 2221 Ambrosisn.
2447 2170 2694 2231 octoginta

481 2235 719 2285 sestertiis
737 2234 859 2286 edd.
900 2243 1033 2286 vett.
1072 2240 1129 2284 et
1165 2235 1396 2285 Gronov.
1399 2240 1492 2285 -3
1531 2237 1615 2285 lte
1651 2235 1807 2285 codd.
1841 2237 2098 2285 Harduini
2130 2243 2187 2285 et
2217 2236 2405 2285 Dalec.
2427 2249 2544 2283 eum
2568 2233 2693 2283 edd.

485 2299 744 2351 Hardnin.
760 2304 808 2349 1.
830 2305 881 2351 2.
904 2305 953 2350 3.
975 2306 1030 2349 et
1052 2308 1269 2348 recentt.
1335 2300 1499 2349 obroso
1520 2300 1753 2350 Gronov.
1777 2307 1830 2349 et
1853 2301 2029 2363 vulga.
2032 2307 2127 2350 -4
2162 2302 2288 2349 Vet.
2315 2301 2502 2349 Delec.
2522 2298 2691 2358 soris·

484 2364 551 2412 al.
585 2365 742 2423 mis,-
773 2365 822 2414 al
848 2371 979 2414 vett.
1009 2365 1063 2414 in
1100 2365 1270 2413 hortis.
1273 2370 1367 2413 —5
1403 2364 1522 2414 ‘Ita
1544 2365 1699 2414 codd.
1721 2366 1887 2427 Regg.
1911 2370 1962 2415 2.
1986 2370 2034 2414 3.
2103 2366 2165 2414 In
2190 2362 2691 2426 cod.Reg.6.Vu1i

481 2428 800 2478 annumerari.
864 2430 1010 2478 Male
1034 2427 1207 2477 Editio
1269 2430 1494 2491 rinceps,
1521 2431 1604 2494 qui
1628 2435 1727 2479 tum
1747 2430 1871 2479 vidie
1893 2429 2214 2478 annumerari.
2218 2428 2493 2477 'Brotien
2551 2432 2690 2475 erat.-

481 2494 564 2557 qiai
583 2494 711 2543 vidit
729 2498 841 2545 tune
858 2494 1163 2543 unnumemri
1150 2443 1304 2542 edpd.
1329 2501 1457 2545 vett.
1473 2493 1708 2545 Gronov.
1728 2494 1983 2543 Hardnin.
2004 2500 2048 2543 1.
2065 2498 2115 2543 2.
2132 2498 2182 2543 3.
2202 2499 2261 2544 et
2281 2497 2508 2543 recentt.
2563 2496 2689 2540 erut

1470 2641 1688 2693 NOTAE

1683 2747 1709 2781 Ρ
1741 2739 1875 2787 Dum
1897 2735 2209 2801 Pompeiano]
2239 2735 2521 2785 Theatrum
2556 2733 2686 2783 iilud

1620 2813 2067 2863 Transtiberinum
2086 2811 2254 2861 innuit
2281 2810 2589 2873 Pompeiani
2606 2807 2688 2857 fu·

480 2812 749 2875 labraque,
794 2818 848 2862 et
893 2814 997 2862 alia
1040 2814 1371 2876 imponimus.
1435 2814 1542 2864 Des
2675 2876 2684 2889 ‚

1621 2893 1721 2941 isse
1761 2891 2084 2955 praeludium.
2137 2890 2272 2939 Nam
2308 2890 2478 2945 Nero,
2518 2889 2688 2952 prius·

477 2887 754 2949 μέν-ἰάσω.

546 2963 573 2998 ¹²
602 2955 1019 3027 LXX-'talentisJ
1054 2964 1141 3014 Ita
1162 2966 1292 3029 Reg.
1317 2967 1364 3013 2.
1390 2964 1539 3015 Colb.

479 3040 662 3090 8.Vet.
684 3040 871 3090 Dalec.
919 3040 1153 3090 Monetoe
1179 3048 1370 3090 nostrae
1393 3040 1539 3089 librae

478 3122 619 3177 tunt,
641 3130 732 3165 sen
754 3114 954 3172 floreni,
981 3119 1187 3165 168060.
1218 3117 1305 3165 De
1329 3115 1541 3165 talentis

479 3190 672 3241 Atticis
692 3191 805 3241 haec
831 3191 1130 3254 accipimus,
1151 3190 1216 3238 de
1241 3190 1425 3254 quibus
1445 3190 1539 3238 ali-

478 3265 550 3315 bi.
601 3267 738 3330 Typi
776 3267 972 3328 vulgati
999 3266 1273 3329 hactenus,
1302 3265 1539 3314 LXXX.

478 3341 733 3402 sestertiis,
754 3342 895 3390 nuno
919 3341 1100 3391 codiee
1118 3339 1452 3405 suffragante.
1511 3358 1515 3363 ·

540 3414 557 3447 ¹
589 3416 672 3466 Aa
691 3415 924 3464 sextarios
942 3416 1061 3479 tres]
1092 3417 1350 3466 Mensura
1373 3417 1539 3471 Galli-

480 3504 563 3551 ca,
607 3491 733 3539 deux
762 3490 921 3553 pinta
951 3495 999 3540 et
1032 3493 1341 3543 demi-setin.
1398 3492 1537 3542 Vide

479 3580 595 3632 qnae
619 3566 841 3615 diximus
858 3578 981 3617 xlv.
1003 3572 1053 3617 6.

542 3651 580 3676 ¹²
615 3643 691 3691 01>
718 3644 946 3708 amorem]
989 3644 1109 3696 Quo
1144 3642 1360 3695 calicem
1399 3644 1535 3695 hunc

478 3718 772 3781 deperibat.

539 3803 566 3828 ¹·
596 3796 922 3847 Praenuntiav-
955 3797 1250 3860 indicatura]
1295 3797 1532 3848 Diximus

477 3868 545 3918 de
564 3870 661 3920 hae
691 3887 822 3923 voce
845 3873 897 3922 in
927 3872 1145 3923 Praefat.
1168 3875 1234 3922 ad
1257 3874 1452 3937 Titum,
1474 3880 1533 3924 et

478 3958 649 3996 xxxx.
673 3953 722 3998 8.

1622 2980 1773 3031 quam
1797 2967 1932 3015 bene
1955 2963 2313 3030 perfricuisset
2331 2963 2578 3021 frontem,
2594 2965 2686 3011 mi-

1620 3043 1831 3092 noribns
1855 3058 1911 3091 se
1934 3041 2213 3093 ostentavit
2233 3042 2470 3101 theatris,
2484 3046 2687 3104 postre-

1619 3132 1705 3167 mo
1728 3119 1777 3167 in
1805 3118 2043 3181 Pompeii
2064 3119 2288 3179 theatro,
2310 3118 2364 3166 in
2397 3125 2685 3180 conspectu

1622 3194 1782 3243 totins
1821 3193 2001 3258 populi
2052 3193 2269 3241 Romani
2307 3192 2538 3257 ineptire
2581 3206 2682 3241 non

1620 3269 1851 3332 erubuit,
1874 3270 1980 3318 sive
2005 3267 2281 3329 cantando,
2303 3267 2417 3316 sive
2444 3268 2681 3331 aurigan-

1621 3344 1705 3394 do.
1752 3344 2077 3409 'l'ranquiilus
2118 3343 2169 3391 in
2204 3342 2436 3399 Nerone,
2460 3358 2578 3407 cap.
2599 3347 2681 3392 22.

1618 3421 1634 3448 ⁴
1656 3421 1786 3470 Mox
1823 3428 1878 3469 et
1913 3420 2024 3483 ipse
2058 3418 2315 3482 aurigare,
2338 3423 2501 3482 atque
2523 3418 2680 3468 etism

1618 3496 1846 3560 spectari
1868 3495 2059 3560 saepins
2093 3495 2291 3545 voluit:
2325 3496 2606 3560 positoque
2625 3497 2680 3545 in

1617 3573 1816 3631 Hortis,
1857 3572 1997 3622 inter
2039 3570 2273 3632 servitia,
2316 3576 2374 3619 et
2413 3571 2682 3621 sordidem'

1613 3649 1822 3714 plebem
1865 3648 2176 3708 rudimento,
2220 3647 2579 3697 universorum
2622 3663 2680 3697 se

1615 3725 1776 3774 oculis
1796 3723 1850 3773 in
1873 3724 2029 3774 Circo
2052 3722 2272 3772 maximo
2295 3722 2564 3785 praebuitss
2606 3724 2682 3773 Et

1614 3806 1785 3862 antea,
1806 3814 1852 3850 c.
1875 3805 1956 3850 212
1991 3799 2008 3826 ‘
2034 3800 2164 3849 Cum
2187 3797 2360 3861 magni
2393 3797 2680 3847 aestimaret

1613 3884 1841 3931 cantare,
1858 3876 2015 3924 etiam
2034 3874 2216 3923 Romoe
2238 3873 2535 3923 Neroneum
2554 3887 2676 3937 sgo-

1529 3968 1534 3975 ·
1612 3968 1677 4002 na
1698 3961 1818 4002 ante
1841 3952 2191 4015 praestitutam
2209 3949 2346 3998 diem
2372 3949 2640 3998 revocavit
2656 3965 2673 3998 ε

538 4030 563 4054 ⁰
595 4023 795 4087 Hortis]
843 4024 909 4074 Iu
944 4025 1106 4076 hortis
1140 4026 1264 4083 suis,
1301 4027 1531 4077 Neronis
1608 4026 2068 4091 flagitantibusque
2084 4026 2282 4075 eunctis
2299 4026 2557 4074 coelestem
2583 4036 2684 4074 vo-·

474 4098 690 4148 scilieet.
745 4101 814 4150 P.
837 4101 1023 4152 Victor
1044 4104 1095 4151 in
1130 4102 1392 4166 Descript.
1425 4106 1530 4153 Ro·
1609 4116 1756 4158 eem,·
1782 4103 2047 4166 respondit
2077 4100 2283 4165 quidem
2317 4100 2369 4148 in
2405 4100 2588 4151 Hortis
2612 4114 2674 4152 se

474 4188 593 4236 mae,
618 4175 827 4237 regione
851 4190 969 4226 nv.
1001 4181 1017 4208 ⁴
1034 4180 1199 4229 Trans
1212 4180 1439 4231 Tiberim
1456 4215 1469 4229 .
1489 4210 1530 4228 ..

476 4251 676 4303 Hortus
700 4252 952 4304 Domitii?

1609 4179 1813 4243 copiam
1838 4174 2130 4229 volentibus
2153 4175 2450 4227 facturum.'
