3000 4917
487 344 663 412 4584
1060 340 1101 399 .‘
1154 349 1161 355 '
1221 363 1286 411 c.
1334 354 1958 412 nimrsncunm

575 506 759 572 Nam
789 503 1132 570 Timanthi
1164 507 1272 570 vel
1302 506 1659 589 plurimum
1690 504 1882 571 affuit
1902 505 2227 587 ingenii.²⁸
2320 504 2490 590 Ejus
2519 498 2692 583 enim

488 623 597 672 est
639 607 1052 692 Iphigenia,W
1100 616 1433 673 oratorum
1461 608 1778 673 laudibus
1806 608 2166 685 celebrata,
2197 624 2332 691 qua
2363 615 2584 672 stante
2612 608 2693 672 ad

490 730 645 775 aras
691 710 1006 792 peritura,
1036 730 1186 775 cum
1232 717 1507 775 maestos
1554 710 1888 793 pinxisset
1918 730 2171 785 omnes»,
2202 711 2551 794 praecipue
2584 730 2694 793 pa-

444 853 450 858 ·
487 819 733 889 truum,
772 817 838 876 et
883 812 1174 877 tristitiae
1223 832 1488 876 omnem
1532 813 1881 894 imaginem
1928 814 2433 890 consumsisset,
2478 813 2697 896 patris

487 914 711 997 ipsius
758 915 1013 979 vultum
1057 914 1323 993 velavit,
1357 932 1557 997 quem
1607 912 1806 995 digne
1852 932 1984 978 non
2029 919 2293 996 poterat
2323 913 2697 978 ostendere.

489 1015 667 1081 Sunt
712 1021 780 1080 et
825 1016 960 1080 alia
999 1016 1249 1097 ingenii
1295 1016 1443 1100 ejus
1487 1014 1929 1097 exemplaria,
1959 1014 2166 1083 veluti
2208 1013 2508 1098 Cyclops
2550 1014 2700 1079 dor-

486 1120 694 1183 miens
722 1119 793 1181 in
823 1118 1109 1201 parvula
1137 1119 1421 1183 tabella:
1468 1116 1663 1200 cujus
1696 1124 1765 1182 et
1793 1118 1892 1181 sic
1920 1116 2443 1199 magnitudinem
2474 1117 2698 1199 expri-

485 1239 665 1285 mere
713 1221 1024 1303 cupienS,
1054 1220 1279 1303 pinxit
1311 1221 1517 1304 juxta
1563 1219 1869 1302 SatyroS,
1902 1219 2146 1303 thyrso>
2175 1219 2492 1302 pollicem
2543 1219 2695 1302 ejus

484 1321 879 1387 metientem
955 1321 1179 1406 Atque
1230 1322 1550 1386 inunius
1603 1322 1807 1405 hujus
1857 1322 2177 1405 operibus
2196 1329 2253 1372 ²⁹
2303 1321 2699 1404 intelligitur

482 1423 640 1506 plus
688 1443 1206 1508 semper‚·quam
1256 1423 1583 1507 pingitur:
1624 1430 1691 1488 et
1739 1443 1890 1487 cum
1933 1443 2044 1487 ars
2084 1442 2344 1486 summa
2372 1424 2487 1500 sit,
2522 1425 2697 1505 inge·
2739 1458 2744 1465 ·

482 1524 666 1589 nium
695 1531 916 1590 tamen
947 1526 1124 1591 ultra
1153 1533 1365 1590 artem
1393 1531 1520 1588 est.
1594 1524 1831 1597 Pinxit
1859 1528 1927 1588 et
1949 1524 2181 1588 Heroa
2204 1523 2697 1588 absolutissimi

484 1626 734 1709 operis,
755 1632 963 1701 artem
982 1627 1242 1711 ipsam¹
1263 1627 1655 1710 complexus
1676 1628 1855 1692 viros
1867 1634 1923 1674 ³0
1944 1626 2289 1711 pingendi:
2322 1627 2506 1711 quod
2524 1644 2697 1710 opus

483 1745 659 1790 nunc
692 1725 933 1792 Romae
965 1728 1034 1790 in
1062 1728 1321 1811 templo
1358 1727 1605 1792 Pacisy
1637 1735 1760 1794 est.

546 1827 1005 1892 ,Euxenidas⁸
1045 1829 1174 1894 hac
1203 1832 1407 1894 aetate
1440 1829 1673 1894 docuit
1704 1828 2111 1896 Aristidem⁸
2154 1830 2552 1914 praeclarum
2598 1847 2697 1893 ar·

484 1929 778 1995 tificem:
848 1931 1250 2015 Eupompus
1305 1931 1735 2015 Pamphilum
1762 1930 1790 1969 b
1848 1930 2118 2014 Apellis
2174 1937 2697 2015 praeceptorem.

484 2030 614 2096 Est
665 2030 1003 2116 Eupompi
1053 2035 1270 2098 victor
1317 2034 1679 2098 certamine
1726 2035 2041 2118 gymnico
2092 2034 2389 2118 palmam
2440 2038 2699 2097 tenens.

483 2132 714 2217 Ipsius
760 2136 1120 2200 auctoritas
1152 2141 1339 2199 tanta
1366 2134 1520 2212 fuit,
1553 2141 1624 2199 ut
1654 2136 1958 2200 diviserit
1989 2137 2309 2218 picturam
2337 2137 2405 2200 in
2449 2153 2700 2217 genera

484 2236 639 2314 tria,
672 2256 825 2320 quae
871 2242 1027 2301 ante
1071 2257 1222 2302 eum
1263 2237 1399 2301 duo
1429 2237 1649 2302 suere:
1695 2237 2147 2316 Helladicum,
2179 2245 2251 2305 et
2281 2237 2466 2322 quod
2497 2236 2698 2303 Asia·

1410 2416 1500 2437 000
1506 2416 1775 2437 OOOONNO

482 2535 547 2581 28
582 2530 713 2582 Cod.
753 2532 940 2582 Dalec.
978 2534 1097 2583 Jam
1134 2534 1407 2584 Timanthi}
1445 2537 1523 2584 vel
1557 2537 1684 2600 plur.
1717 2534 1907 2600 affulsit
1942 2534 2336 2597 ingenium-29
2397 2539 2412 2562 ‘
2435 2532 2523 2581 Ita
2565 2531 2698 2581 bene

481 2595 636 2646 codd.
662 2597 827 2661 Regg.
849 2603 900 2647 2.
921 2604 969 2648 5.
991 2599 1224 2649 Pintian.
1257 2600 1565 2663 Dalecamp.
1600 2601 1777 2651 Editio
1816 2600 2080 2664 princeps,
2118 2607 2173 2648 et
2209 2598 2289 2648 Cl.
2324 2596 2565 2647 Durand.
2636 2598 2695 2645 Iu

480 2661 587 2709 Ma.
611 2662 741 2725 Reg.
764 2665 812 2711 3.
846 2663 909 2710 In
929 2663 1071 2712 unius
1092 2664 1212 2723 qius.
1279 2664 1424 2713 Male
1455 2666 1782 2715 recentiores
1820 2665 2094 2720 editiones,
2116 2663 2171 2713 in
2190 2662 2403 2713 omibus
2421 2661 2522 2722 <jau
2541 2663 2697 2723 operi·

481 2725 583 2773 bus.
649 2727 897 2775 Breviter
921 2736 976 2775 et
1012 2728 1223 2791 egregie
1249 2729 1467 2790 pictnrae
1491 2731 1760 2780 historiam
1798 2729 2028 2793 prodidit
2050 2729 2274 2778 Plinius.
2342 2726 2696 2790 Apollodorus

481 2787 622 2838 fores
646 2790 883 2852 apernit:
922 2791 1116 2841 Zeuxis
1155 2792 1368 2842 intravit
1393 2801 1448 2843 et
1469 2796 1671 2845 colores
1706 2793 1961 2859 perfecit:
1998 2793 2306 2843 Parrhasius
2339 2791 2694 2857 symmetriam

485 2857 819 2919 argutiusque
846 2856 1039 2920 vultus,
1082 2858 1400 2922 elegantiam
1434 2860 1631 2923 capilli,
1668 2866 1999 2909 venustatem
2038 2859 2141 2908 oris
2178 2859 2370 2921 primus
2394 2856 2575 2905 dedit:
2610 2855 2696 2903 Ti·

480 2920 719 2968 manthos
759 2920 1056 2983 ingenium:
1116 2920 1330 2985 Apelles
1369 2924 1651 2973 venerem.'
1684 2924 1898 2974 Brotier.
1962 2924 2014 2971 in
2035 2923 2177 2972 unius
2212 2922 2311 2983 ejus
2331 2920 2551 2985 operibus
2579 2919 2692 2967 cod.

482 2985 670 3034 Dalec.
691 2984 745 3032 in
764 2986 977 3036 omnibus
1010 2986 1110 3046 qius
1131 2987 1348 3051 operibus
1368 2988 1600 3039 Gronov.
1626 2991 1696 3038 al.
1720 2997 1850 3038 vett.
1881 2988 2141 3037 Harduin.
2165 2991 2213 3036 l.
2236 2992 2286 3036 2.
2310 2990 2360 3035 8.
2385 2986 2581 3034 Miller.
2610 2984 2696 3032 Bi·

481 3056 631 3113 pont.
664 3057 720 3099 et
743 3051 925 3101 Franz.
994 3052 1142 3116 Mox,
1175 3068 1316 3117 quam
1330 3053 1565 3118 pingatur
1586 3055 1709 3105 Vet.
1744 3054 2065 3105 Dalec.-3t)
2100 3051 2233 3103 Cod.
2259 3053 2441 3101 Dalec.
2462 3054 2572 3099 arte
2592 3048 2696 3112 ipat

1480 3219 1530 3270 N
1540 3219 1701 3269 01·AE

545 3341 578 3364 w
619 3332 736 3392 Ejue
764 3331 889 3381 enim
911 3338 985 3381 est
1014 3333 1292 3398 Iphigenia]
1330 3335 1414 3383 De
1448 3334 1548 3384 hac

482 3405 692 3470 pi‘ctura
713 3408 887 3457 Valet.
905 3409 1047 3456 Max.
1067 3423 1191 3460 vni.
1210 3414 1288 3459 11.
1304 3425 1419 3474 pag.
1434 3415 1550 3460 4⁰0.

482 3490 498 3513 ⁸
523 3483 664 3534 Quid
689 3484 775 3532 ille
798 3485 930 3532 alter
953 3499 1098 3548 aeque
1132 3486 1318 3534 nobilis
1358 3488 1550 3549 pictor,

477 3561 771 3611 luctuosum
787 3560 1060 3611 immolatae
1080 3562 1369 3625 Iphigenia:
1389 3565 1547 3614 sacri-

480 3635 655 3685 ficium
692 3636 941 3701 referens,
976 3652 1093 3686 cum
1119 3639 1405 3690 Calchanta
1428 3641 1547 3690 tria-

463 3719 605 3776 ‘tem‚
649 3722 887 3772 moestum
934 3715 1192 3778 Ulyssem,
1237 3717 1547 3767 clamantem

479 3789 720 3853 Ajacem,
788 3793 1162 3841 lamentantem
1227 3793 1546 3857 Menelaum,

478 3866 622 3914 circa
669 3879 807 3914 aram
853 3868 1351 3931 statuisset„'caput
1408 3870 1547 3934 Aga-

480 3942 764 3989 memnonis
800 3941 1128 3999 involvendo,
1166 3958 1338 3993 nonne
1363 3946 1547 3996 summi

480 4018 716 4065 moeroris
758 4019 1118 4077 acerbitatem,
1167 4029 1280 4070 arte
1304 4023 1547 4086 ,ειμι-ἱππί

481 4106 584 4141 non
626 4108 777 4157 posse
814 4094 1081 4145 confessus
1121 4097 1263 4146 πῖθ’
1330 4099 1467 4148 Vide
1491 4107 1545 4148 et

479 4169 703 4218 Tullium
727 4170 778 4217 in
800 4170 952 4219 Orat.
972 4186 1109 4222 num.
1133 4176 1216 4225 73.
1236 4180 1289 4223 et
1306 4173 1560 4232 Fabium:

480 4247 566 4311 qui
609 4248 707 4297 hoc
745 4248 1036 4313 elegantius
1072 4250 1322 4315 prodidit,
1360 4266 1422 4303 11.
1463 4257 1544 4303 13.

1631 3338 1925 3459 pag-⁴122
1937 3406 2111 3472 ipsam]
2129 3402 2204 3456 Ut
2220 3405 2308 3455 alii
2323 3405 2373 3454 in
2394 3404 2695 3454 mulieribus

1630 3485 1957 3547 effingendis,
1978 3485 2053 3533 sic
2079 3484 2164 3532 ille
2186 3483 2236 3531 in
2261 3480 2384 3530 viris
2406 3481 2640 3529 eximius.

1694 3573 1717 3607 r
1755 3563 1815 3611 In
1858 3562 2026 3623 templo
2061 3559 2231 3621 Pacis]
2261 3556 2417 3608 Quod
2459 3556 2693 3618 proxime

1629 3641 1821 3689 Forum
1860 3638 2150 3686 Romanum
2182 3633 2540 3695 Vespasianus
2574 3644 2695 3681 con·

1629 3715 1781 3776 didit,
1802 3721 2014 3763 auctore
2033 3710 2355 3774 Tranquillo,
2371 3723 2489 3771 cap.
2513 3712 2565 3756 9.

1693 3799 1714 3823 ⁸
1749 3786 2048 3849 Eumenidas]
2080 3784 2338 3848 Εὗξενίδας.

1691 3877 1715 3903 ⁸
1753 3865 2041 3928 Aristidem]
2096 3861 2404 3926 Ἀριστείδην,
2426 3859 2644 3909 alterum
2664 3873 2694 3907 a

1627 3944 1893 4003 Thebano,
1916 3942 1982 3990 de
2006 3954 2108 4005 quo
2131 3938 2371 3988 inferius.

1691 4019 1715 4053 ¹²
1750 4015 2078 4080 Pamphilum]
2134 4014 2335 4077 Apellis
2379 4012 2518 4061 hunc
2561 4025 2691 4073 prae·

1628 4103 1897 4160 ceptorem
1931 4095 2125 4157 pariter
2152 4089 2351 4140 faciunt
2375 4089 2690 4138 Plutarchus

1625 4175 1679 4224 in
1704 4170 1885 4235 Arato,
1908 4178 1964 4220 et
1980 4169 2187 4232 suidas,
2212 4164 2372 4217 verbo
2392 4163 2653 4223 Ἀπέλλης.
