3000 4917
2253 365 2499 451 „4617
2601 370 2607 379 ·

294 527 831 614 quadrupedes·
885 525 1344 610 Prosperrime
1371 545 1571 592 canes
1595 525 1959 611 expressit.
2046 524 2188 590 Hic
2220 531 2325 591 est
2370 525 2518 590 Nim

298 634 464 708 ciaS,
491 632 579 695 de
623 650 758 715 quo
796 630 1072 695 dicebat
1100 629 1478 695 Praxiteles
1506 628 1991 710 interrogatuS‚¹
2027 646 2180 711 quae
2210 628 2500 692 maxime

297 753 503 816 opera
552 752 681 797 sua
712 735 1026 816 probaret
1043 730 1100 771 ²⁶
1131 731 1197 795 in
1225 731 1697 797 marmoribus:
1746 735 1768 765 ‘
1790 728 2050 808 Quibus
2085 729 2327 795 Nicias
2357 748 2499 794 ma-

294 854 457 899 num
501 833 916 903 admovisset
932 834 973 899 :’
1014 838 1273 899 tantum
1313 832 1788 898 circumlitioni
1811 832 1902 885 27‘
1946 831 2093 915 ejus
2136 830 2500 896 tribuebat.

298 934 374 1001 N
379 956 468 999 on
509 936 693 1000 satis*
713 935 1164 1011 discernitur‚¹¹
1200 934 1404 999 alium
1434 934 1671 998 eodem
1700 934 1986 1009 nomine,
2019 952 2106 998 an
2136 934 2307 998 bunc
2337 952 2499 999 euu-
2569 948 2578 961 ·

253 1044 261 1051 ’
297 1037 450 1102 dem
476 1036 752 1122 quidam
780 1038 1035 1102 faciant
1066 1036 1474 1121 Olympiade
1507 1030 2327 1101 centesimaduodecima.

386 1138 615 1204 Niciae
645 1146 1092 1223 comparatur,
1124 1148 1191 1205 et
1219 1140 1566 1222 aliquanto
1597 1140 1963 1222 praefertur,
1991 1137 2315 1203 Athenion
2345 1136 2501 1202 Ma·

293 1242 612 1319 renites:
654 1239 1054 1307 Glaucionis
1100 1239 1432 1305 Corinthii
1475 1239 1870 1324 discipuluS‚
1902 1248 1973 1305 et
2011 1239 2340 1305 austerior
2384 1258 2500 1304 co·

288 1343 457 1420 lore,
484 1349 553 1408 et
594 1342 666 1406 in
696 1343 1083 1408 austeritate
1105 1340 1484 1427 jucundior,
1515 1349 1596 1404 ut
1625 1340 1694 1405 in
1724 1340 1886 1424 ipsa.
1915 1342 2182 1424 pictura
2210 1340 2518 1408 eruditio:

288 1445 577 1509 eluceat·
694 1441 938 1510 Pinxit
993 1446 1063 1509 in
1121 1444 1378 1528 templo
1436 1443 1753 1509 Eleusine
1814 1442 2260 1529 Phylarcbum
2284 1460 2304 1523 ;
2326 1448 2366 1477 '
2428 1447 2514 1511 et„

288 1544 584 1613 Athenis
613 1546 1139 1631 frequentiam‚²⁸
1180 1565 1383 1632 quam
1414 1565 1745 1611 vocavere
1773 1545 2233 1630 syngenicon.¹
2321 1541 2499 1607 Item

287 1648 682 1716 Achillem!
735 1651 1007 1735 virginis
1053 1651 1299 1718 babitu.
1339 1650 1777 1730 occultatum,
1825 1648 2079 1732 Ulysse
2130 1646 2499 1734 depreben-

865 384 1042 433 NA‘r.
1089 381 1291 433 ms'r.
1339 380 1485 431 ΜΒ.
1533 378 1794 431 xxxv.
1833 366 1945 431 40.
2006 431 2016 441 ,

1217 1830 1580 1854 ”conteeant

292 1961 607 2015 Belem—26
642 1962 775 2015 Cod.
802 1962 1111 2017 Dalec..sua
1141 1968 1580 2028 prestarent—27
1617 1963 1749 2014 ‘Mu
1783 1962 2160 2014 circumdictioni
2177 1977 2197 2020 ,-
2230 1962 2368 2025 lego,
2402 1960 2500 2011 eir-

294 2026 647 2077 eumductioai.'
682 2029 1002 2079 Dialem—28
1037 2030 1052 2056 ‘
1073 2030 1161 2079 Ita
1185 2030 1340 2080 codd.
1369 2032 1535 2094 Regg.
1571 2029 1747 2079 Editio
1771 2029 2031 2092 princeps,
2054 2035 2105 2078 et
2134 2028 2213 2077 Cl.
2239 2024 2500 2076 Dur-aud?

295 2090 512 2142 Brotier.
593 2092 802 2143 Athenis
835 2095 1085 2143 mulierum
1108 2094 1437 2159 frequentiam
1470 2096 1591 2144 Vet.
1641 2094 1829 2144 Dalec.
1910 2092 2115 2142 Athesis
2150 2091 2499 2154 frequentiam,

293 2156 482 2206 omissa
505 2158 897 2222 conjunctione,
929 2158 1160 2210 Gronov.
1200 2160 1269 2211 al.
1306 2167 1437 2210 vett.
1470 2158 1729 2209 Harduin.
1764 2162 1811 2208 1.
1841 2160 1893 2208 2.
1915 2160 1962 2205 8.
1984 2163 2039 2206 et
2063 2163 2285 2208 receutt.
2350 2156 2502 2218 Mox,

1288 2323 1511 2376 NOTAE

288 2412 434 2465 dese.
503 2412 637 2466 Sunt
658 2417 745 2482 qui
774 2417 963 2469 Phidiae
988 2425 1257 2484 reponant,
1285 2421 1355 2470 vi·
1437 2419 1581 2471 cerui
1618 2425 1907 2484 temporum
1944 2416 2146 2467 ratione
2184 2416 2335 2467 ambo
2373 2430 2404 2466 a
2441 2429 2499 2467 se

288 2492 493 2542 tiosius.
546 2492 610 2542 Iu
633 2494 1054 2558 quadrupedibus
1084 2496 1358 2559 pingendis
1435 2495 1660 2546 invicem
1676 2493 1937 2556 videntur,
1954 2507 2071 2543 cum
2088 2493 2223 2543 illius
2242 2501 2392 2555 oetas,
2408 2493 2501 2559 qui

287 2570 514 2632 palmam
558 2570 740 2619 tulisse
788 2570 993 2620 Niciam
1047 2577 1232 2622 auctor
1274 2578 1360 2624 est
1437 2571 1750 2636 Olympiade
1771 2583 1918 2621 cxu.
1935 2569 2089 2631 vixit,
2107 2567 2173 2618 ab
2185 2567 2352 2619 Attali
2368 2574 2495 2619 tem·

288 2645 582 2695 Pausanias
604 2647 762 2710 paulo
780 2653 934 2697 antea
956 2661 988 2696 a
1011 2647 1158 2698 uobis
1179 2647 1358 2699 lauda·
1433 2646 1650 2710 poribus
1670 2644 1834 2696 distet
1858 2645 2006 2694 annis
2029 2643 2143 2694 fere
2164 2657 2253 2694 xc.
2276 2644 2361 2694 cui
2384 2644 2498 2708 regi

288 2727 390 2770 tus.
1430 2721 1495 2787 is,
1518 2722 1605 2787 qui
1630 2736 1765 2772 nunc
1788 2720 2045 2778 laudatur,
2062 2720 2289 2772 vendere
2303 2720 2500 2772 dicitur

352 2805 372 2830 ⁸
406 2794 493 2847 De
537 2812 628 2862 quo
671 2796 890 2848 dicebat.
911 2832 926 2848 .
946 2831 962 2848 .
981 2798 1359 2863 Animatus]

287 2873 546 2935 Dicebat,
570 2875 798 2939 inquam,
815 2889 879 2925 ea
898 2876 998 2926 sibi
1014 2891 1175 2940 opera
1198 2877 1358 2926 maxi-

289 2965 369 3000 me
390 2951 629 3015 probari,
648 2952 832 3016 quibus
848 2953 1029 3003 Nicias
1048 2969 1253 3004 manum
1269 2955 1357 3005 ad-

287 3027 560 3079 movisset.
626 3027 794 3078 Simili
828 3034 1041 3080 textura
1083 3030 1356 3080 verborum

289 3117 411 3152 usus
441 3103 559 3168 ipse
584 3118 702 3167 cap.
724 3108 774 3154 8.
806 3105 822 3133 ‘
850 3107 929 3154 De
964 3120 1067 3171 qua
1093 3106 1356 3156 Teutono·

287 3194 402 3229 rum
421 3180 633 3245 legatus
664 3182 936 3246 respondit
967 3182 1357 3248 iuterrogatus,’

288 3257 386 3307 ‹iz-c.

350 3332 367 3363 ²
404 3332 786 3395 circumlitioni]
810 3334 1076 3386 Marmora
1093 3337 1356 3389 coloribus

289 3410 611 3460 tenuissimis
630 3411 922 3475 inurebant,
938 3414 1027 3478 qui
1047 3428 1357 3477 repercussu

289 3484 585 3536 claritatem
613 3487 878 3537 marmoris
908 3489 1218 3553 excitarent,
1240 3506 1356 3542 cus-

289 3559 628 3626 todireutque
665 3577 695 3611 a
739 3564 956 3625 pulvere
1003 3571 1061 3615 et
1103 3566 1357 3618 sordibus.

289 3635 429 3686 Galli
465 3637 669 3698 dicunt,
702 3640 882 3688 ver-uir.
946 3639 1146 3693 Seneca
1184 3643 1357 3706 Epist.

287 3726 524 3766 mxxxvi.
558 3715 708 3779 quus
740 3715 945 3765 initium
978 3724 1078 3780 est,
1114 3720 1129 3746 ‘
1154 3719 1219 3769 Iu
1241 3720 1358 3783 ipsa

289 3789 556 3853 Scipionis
566 3789 801 3841 Africani
813 3792 933 3841 villa
945 3791 978 3840 ε’
996 3794 1011 3820 ‘
1026 3792 1240 3857 Pauper
1256 3794 1353 3847 sibi

288 3865 499 3917 videtur
511 3882 574 3919 ac
597 3866 837 3915 sordidus
854 3897 908 3918 0..
927 3868 1027 3917 nisi
1043 3867 1355 3919 Alexandri·

288 3957 355 3992 na
368 3957 624 3995 marmora
638 3943 931 3995 Numidicis
943 3947 1132 3999 crustis
1139 3946 1352 3998 distinc-

287 4025 506 4069 tasuut:
531 4019 630 4068 nisi
656 4018 762 4068 illis
785 4018 1014 4084 undique
1037 4034 1274 4086 operosa,
1297 4030 1353 4074 ct

284 4093 338 4143 iu
363 4095 586 4158 picturae
606 4093 814 4145 modum
829 4094 1029 4147 variata
1044 4096 1352 4151 circumlitio

288 4169 638 4235 praetexitur-²

350 4253 374 4279 ⁸¹
408 4246 521 4296 Non
535 4245 657 4297 satis
672 4244 984 4312 discernitur]
1023 4245 1095 4305 At
1108 4247 1233 4301 satis
1250 4247 1350 4323 dis7

1432 2798 1662 2849 tabulam
1685 2797 1929 2848 uoluisse.

1452 2866 1458 2872 ⁶
1496 2884 1520 2909 V
1552 2876 1847 2940 Maronites]
1897 2875 1985 2926 Ab
2023 2874 2222 2939 oppido
2258 2875 2496 2926 Thracia

1431 2952 1705 3015 Maronea,
1743 2952 1808 3002 de
1844 2967 1947 3017 quo
1984 2966 2060 3003 xv.
2102 2955 2180 3002 18.
2228 2951 2498 3010 Ἀθηνίωνῦ

1431 3031 1521 3080 τοῦ
1539 3028 1848 3081 Γλαυκίωνοςο

1495 3114 1530 3139 w
1564 3103 1912 3170 Phylen-hum]
1949 3103 2287 3160 Historicum,
2324 3111 2383 3155 ut
2420 3104 2494 3154 vi-

1431 3180 1605 3239 detur,
1626 3180 1693 3231 de
1715 3195 1820 3248 quc
1852 3180 2083 3231 dicemus
2114 3180 2170 3229 in
2204 3180 2493 3234 Auctor-um

1430 3257 1636 3310 Indice.

1496 3341 1525 3367 ¹
1555 3330 1881 3396 Syngenicon]
1912 3332 2223 3396 Ξυγγενικὸν,
2252 3333 2508 3396 cognatim.

1431 3423 1552 3459 nem·
1618 3407 1705 3458 Ita
1733 3422 1847 3458 cum
1889 3407 2131 3458 Pintiano
2168 3409 2493 3475 scripsimus,

1433 3486 1572 3550 quod
1597 3486 1650 3536 in
1670 3486 1801 3536 Mss.
1824 3487 1951 3550 Reg.
1973 3490 2022 3537 2.
2051 3487 2289 3553 aliisque,
2322 3490 2491 3553 lynes-

1429 3562 1569 3613 nicon
1594 3562 1830 3612 vidimus.
1868 3563 1940 3612 Et
1963 3562 2100 3628 quod
2124 3578 2243 3613 mox
2264 3566 2280 3594 ‘
2300 3579 2491 3628 cogna-

1431 3637 1536 3691 tio’
1576 3638 1773 3702 pariter
1804 3645 1819 3668 ‘
1843 3638 2093 3688 nobilium
2111 3637 2129 3661 '
2162 3639 2385 3702 picturae
2407 3653 2492 3688 ar·

1428 3722 1731 3781 gumentum
1768 3712 2001 3766 affertur.
2057 3713 2207 3765 Infra
2238 3718 2363 3766 item
2400 3717 2491 3766 OE-

1429 3792 1542 3841 nias
1575 3793 1591 3821 ‘
1614 3789 1979 3855 Syngenicon'
2013 3790 2241 3855 pinxisse
2278 3790 2490 3843 dicitur.

1429 3865 1575 3916 Editi
1597 3874 1718 3916 aute
1741 3880 1835 3915 nos
1857 3865 1996 3928 libri,
2026 3867 2382 3931 polygynoecon,
2402 3888 2504 3920 πο..

1426 3941 1732 4004 ammom,
1773 3955 1890 4006 quae
1927 3955 2027 3990 vox
2070 3942 2340 3993 mulierum
2386 3943 2492 3996 fre-

1424 4020 1686 4084 quentiam
1711 4023 1877 4066 sonat.

1490 4103 1514 4139 r
1548 4095 1673 4145 Item
1700 4089 1958 4154 Achillem]
1992 4092 2189 4144 Narrat
2221 4094 2353 4147 banc
2386 4096 2506 4147 bis-.

1427 4170 1614 4221 teriam
1651 4167 1893 4232 Hyginus
1927 4167 2055 4219 Fab.
2081 4181 2234 4219 xcvi.
2266 4178 2280 4200 ⁸
2305 4172 2485 4222 Thetis

1424 4245 1635 4309 Nereis,
1673 4258 1792 4299 cum
1826 4242 1988 4299 sciret
2028 4242 2286 4301 Achillem
2322 4246 2487 4303 filium
