3000 4917
462 351 636 417 4772

450 510 854 591 stinguitur:
901 503 1394 571 mox·tunditur
1419 523 1574 568 cum
1616 502 1815 586 adipe
1846 502 2047 568 suillo
2095 506 2169 566 et
2216 502 2372 574 ficu,
2400 500 2658 585 duplici

459 612 887 677 liniamento:
913 616 978 654 ¹⁸
1023 626 1174 691 quse
1213 625 1322 670 res
1370 605 1668 673 omnium
1719 603 2179 679 tenacissima,
2224 611 2293 668 et
2349 604 2663 667 duritiam

418 724 423 729 ’
458 712 717 797 ,lapidis
767 709 1199 777 antecedens:
1318 704 1524 784 Quod
1580 704 1959 783 malthatur,
2035 707 2188 770 oleo
2256 705 2664 788 perfricatur

456 822 645 881 ante.

448 936 459 963 τ
554 930 716 979 mx·
763 911 1068 994 Cognata
1096 909 1266 975 calci
1294 929 1400 973 res
1430 928 1719 992 gypsum
1744 913 1875 974 est.
1966 909 2170 974 Plura
2213 907 2365 992 ejus
2396 926 2663 990 genera.

458 1014 645 1081 Nam
668 1021 734 1079 et
771 1033 810 1077 e
838 1008 1104 1096 lapideh
1149 1013 1482 1094 coquitur,
1531 1018 1608 1075 ut
1646 1011 1716 1074 in
1767 1011 1968 1094 Syria
2016 1030 2099 1076 ac
2143 1011 2459 1076 Thuriis:
2508 1018 2582 1075 et
2624 1029 2665 1073 e

461 1123 636 1182 terra
661 1115 933 1191 foditur,
964 1113 1133 1178 utin
1161 1112 1435 1196 Cyprio,
1458 1132 1565 1178 -ac
1614 1113 1997 1178 Perrhaebis
2020 1110 2069 1179 :¹
2114 1133 2447 1178 esumma
2472 1121 2490 1151 ¹
2541 1112 2664 1176 tel-

457 1217 602 1281 lure
629 1224 697 1280 et
723 1215 1212 1300 Tymphaicum
1241 1221 1365 1279 est.
1455 1214 1598 1293 Qui
1632 1216 1939 1301 coquitur
1966 1215 2164 1298 lapis,
2199 1235 2333 1280 nou
2364 1215 2664 1279 dissimi-

459 1318 545 1382 lis
577 1317 994 1382 alabastritae
1026 1335 1177 1380 esse
1196 1316 1413 1396 debet,
1437 1322 1558 1382 aut
1578 1313 2034 1382 marmoroso.j
2123 1317 2203 1382 In
2225 1316 2424 1401 Syria
2445 1316 2664 1380 duris-

458 1421 668 1484 simos
697 1419 782 1482 ad
811 1417 878 1483 id
933 1417 1210 1499 eligunt,
1262 1425 1696 1501 coquuutque
1724 1416 1885 1482 fimo
1916 1419 2194 1495 bubulo,
2241 1425 2318 1482 ut
2358 1418 2655 1482 celerius

459 1532 760 1584 urantur.
849 1519 1164 1582 Omnium
1187 1517 1448 1582 autem*
1494 1519 1823 1602 optimum
1853 1519 2001 1583 fieri
2031 1530 2451 1603 compertum
2485 1526 2592 1583 est
2619 1538 2662 1582 e

454 1621 683 1702 lapide
715 1617 1073 1703 speculari,
1125 1636 1561 1702 squamamve
1612 1621 1814 1685 talem
1843 1621 2160 1685 habente.·
2211 1621 2661 1704 Gypsoma-

1195 362 1259 410 0.
1310 361 1550 410 Pnnffl
1599 360 1931 410 summm

343 1799 354 1808 .
452 1722 621 1799 ⁸dido
643 1723 870 1785 statim
907 1720 1222 1784 utendum
1263 1727 1388 1799 est,
1416 1721 1729 1803 quoniam
1768 1721 2113 1785 celerrime
2160 1723 2335 1786 coit:
2363 1729 2388 1758 ²
2434 1727 2664 1787 tamen

457 1841 687 1886 rursus
718 1822 909 1886 tundi
933 1829 1004 1885 et
1033 1821 1102 1885 in
1138 1821 1412 1887 farinam
1443 1823 1687 1889 resolvi
1734 1824 2011 1906 patitur.
2100 1823 2289 1888 Usus
2335 1825 2534 1908 gypsi
2588 1823 2658 1886 in

1374 2015 1735 2043 ‘eneces-eece

519 2149 656 2199 cn».
679 2162 839 2199 ινιιι.
911 2152 933 2196 1
972 2157 985 2178 ⁴
1005 2149 1092 2198 Ita
1114 2148 1268 2198 codd.
1302 2150 1466 2214 Regg.
1485 2157 1544 2200 et
1568 2152 1744 2202 Editio
1767 2152 2048 2216 princeps-³
2070 2153 2287 2203 Brotier.
2335 2154 2514 2218 duplici
2544 2155 2660 2205 lini·

454 2218 610 2262 mento
631 2215 756 2263 Vet.
779 2213 961 2267 Dalec.
1027 2214 1205 2275 duplici
1225 2213 1476 2264 &numento
1495 2216 1729 2267 Gronov,
1754 2218 2011 2267 Harduin.
2027 2227 2081 2267 et
2104 2226 2328 2268 recentt.

520 2277 656 2325 CAP.
679 2291 794 2327 mx.
864 2282 890 2327 l
928 2277 1271 2337 Cod.,Dalec.
1293 2293 1350 2327 ac
1377 2279 1583 2342 flebis.-
1615 2286 1912 2330 summm—2
1945 2284 2059 2332 ‘lta
2084 2284 2276 2346 optime
2299 2283 2405 2332 Ms.
2444 2283 2583 2346 Reg.
2602 2288 2653 2332 2.

456 2340 599 2389 Male
623 2343 749 2391 Mss.
771 2344 898 2405 Reg.
923 2346 973 2393 8.
996 2347 1044 2390 5.
1063 2350 1119 2391 et
1143 2342 1317 2391 Editio
1341 2344 1606 2406 princeps,
1625 2346 1860 2394 siccata.-
1894 2348 2026 2399 male
2048 2362 2247 2411 quoque
2274 2349 2323 2396 in
2347 2350 2655 2398 recentiori-

453 2402 552 2452 bus
574 2405 909 2460 editionibus,
927 2406 1167 2455 celerrime
1187 2406 1280 2454 coit
1305 2423 1360 2455 ac
1380 2408 1605 2457 siccatur.
1672 2410 1926 2472 Gypsum,
1962 2426 2078 2460 curn
2121 2414 2373 2474 optimum
2408 2421 2509 2467 est,
2547 2420 2654 2462 tam

453 2470 699 2519 celeriter
721 2472 847 2533 coit,
878 2478 934 2520 ut
958 2470 1110 2533 paulo
1151 2471 1393 2519 lentiores
1425 2487 1699 2535 operarum
1739 2489 1920 2524 manus
1955 2490 2017 2525 eo
2057 2483 2240 2538 captas
2280 2476 2517 2531 viderim.
2585 2477 2657 2527 At

453 2531 578 2583 licet
603 2549 819 2598 gypsum
845 2535 1090 2583 celeriter
1112 2533 1281 2590 coeat,
1299 2550 1400 2585 non
1424 2537 1669 2586 celeriter
1691 2539 1938 2589 siccatur.
2004 2541 2115 2590 Diu
2138 2542 2276 2590 enim
2300 2540 2494 2591 sudat.’
2528 2541 2655 2590 Bro-

452 2597 563 2648 τίεν.
626 2599 866 2649 celerrime
885 2598 977 2649 coit
1000 2614 1059 2648 ac
1075 2599 1281 2648 siccatur
1300 2599 1421 2650 edd.
1447 2607 1571 2657 vett.
1594 2601 1825 2653 Gronov.
1845 2604 2102 2654 Harduin.
2123 2608 2170 2653 l.
2191 2609 2245 2656 2.
2266 2609 2314 2655 3.
2351 2612 2407 2655 et
2426 2615 2653 2656 receutt.

1439 2794 1655 2846 No'rAE

452 2914 588 2982 quod
614 2931 856 2968 vocamus
879 2919 1171 2984 axungiam,
1198 2920 1279 2970 vel
1312 2934 1511 2972 sevum.
1592 2910 1801 2989 cantur,
1832 2926 1957 2976 nihil
1980 2926 2091 2976 fore
2117 2928 2371 2977 tenacius.

448 2990 596 3043 Tunc
632 2994 685 3043 iu
719 2994 820 3044 olla
851 3002 1127 3060 utrumque
1156 2997 1417 3059 miscebis,
1454 3006 1513 3048 et

453 3082 668 3132 coques,
712 3070 878 3121 donec
918 3077 1156 3136 spumet:
1207 3072 1398 3122 deinde
1442 3073 1510 3122 ab

450 3143 572 3207 igne
597 3146 903 3196 removebis.
967 3146 1097 3196 Cum
1130 3144 1290 3197 fuerit
1326 3148 1510 3198 eadem

451 3216 761 3281 refrigerata
799 3220 1097 3285 permixtio,
1132 3222 1326 3272 calcem
1349 3223 1510 3273 minu·

451 3293 543 3341 tim
583 3295 971 3361 superadjicies,
1006 3304 1061 3345 et
1098 3297 1164 3347 ad
1202 3312 1357 3365 unum
1396 3314 1512 3353 cor·

449 3380 548 3430 pus
588 3369 755 3417 omnia
792 3371 958 3420 mixta
1000 3371 1304 3425 revocabis!
1373 3375 1440 3423 Et
1464 3389 1513 3425 c.

449 3443 532 3490 41.
555 3457 606 3504 p.
629 3447 709 3491 35.
741 3443 756 3470 ‘
774 3444 989 3497 Manliae
1023 3436 1510 3512 calidariaeffcompo·

448 3516 569 3567 sitio
593 3518 710 3566 talis
733 3527 844 3568 est:
874 3519 1303 3573 Hammoniacum
1331 3527 1508 3575 remis-

448 3604 582 3656 sum,
603 3593 771 3651 ficum,
794 3588 1018 3663 stupam,
1057 3598 1226 3667 picem
1257 3600 1507 3663 liquidam

451 3703 465 3719 .
486 3704 499 3718 .
520 3705 534 3720 .
556 3703 570 3718 .
590 3671 713 3720 item
765 3686 943 3721 sevum
990 3672 1365 3736 liquefactum,'
1404 3680 1507 3727 διο.

447 3745 622 3796 Aliter
669 3748 890 3798 Festus:
939 3750 957 3778 ‘
994 3750 1197 3801 Maltha
1240 3750 1432 3803 dicitur
1475 3769 1507 3804 a

451 3823 651 3873 Graecis
677 3826 764 3888 pix
787 3841 902 3876 cum
925 3841 1051 3877 cera
1072 3829 1270 3885 mixta?

519 3896 543 3927 f
566 3899 742 3965 Gleba]
777 3901 947 3951 Gleba
971 3904 1150 3955 calcis.

513 3980 538 4015 8
571 3972 768 4036 Duplici
788 3975 1060 4026 liniamento
1081 3979 1383 4047 [linamento]
1416 3982 1504 4033 Sic

450 4047 560 4109 typi
586 4062 777 4100 omnes.
832 4052 1285 4105 Mssdiniamem,
1323 4056 1504 4114 For-te,

446 4122 689 4187 linimento
700 4141 722 4182 ,·
743 4130 802 4175 ut
819 4126 889 4175 sit
909 4130 1186 4191 sententia,
1205 4130 1397 4195 duplici
1422 4147 1506 4182 co·

447 4198 524 4249 rio
541 4199 768 4265 malthae,
785 4202 827 4252 si
842 4194 1062 4262 tectoria
1081 4208 1338 4270 parietum
1357 4208 1504 4272 iudu-

1654 2999 1678 3033 δ
1714 3002 1845 3050 Nam
1875 3008 1925 3052 et
1956 3019 1983 3053 e
2019 3003 2197 3067 lapide]
2230 3005 2363 3055 Quae
2402 3003 2653 3068 deinceps

1590 3085 2072 3144 sequuntur,usque
2095 3078 2161 3128 ad
2185 3094 2250 3129 ea
2274 3079 2457 3140 verba,
2475 3087 2499 3125 .‘
2522 3081 2652 3130 Usus

1592 3151 1783 3215 gypsi,’
1806 3157 1904 3204 διο.
1931 3155 2115 3204 hausta
2145 3155 2359 3205 totidem
2390 3157 2566 3207 verbis
2587 3173 2652 3207 ex

1588 3226 1914 3291 Theoprasto
1934 3227 2038 3292 περὶ
2060 3228 2217 3286 λίθων,
2240 3245 2292 3294 p.
2309 3235 2392 3295 13..
2420 3239 2479 3280 et
2503 3235 2584 3281 14.

1660 3301 1674 3335 ¹
1701 3304 1773 3352 Ac
1795 3304 2087 3369 Perrhaebis]
2122 3304 2233 3371 Περὶ
2272 3307 2539 3370 'rumdam
2574 3308 2651 3357 καὶ

1587 3376 1692 3441 περὶ
1725 3379 2027 3442 Περῥαιβίαν,
2065 3381 2229 3445 inquit
2248 3380 2525 3446 Theophr-¹
2550 3385 2647 3435 loc.

1589 3454 1681 3523 cit.
1747 3456 1828 3504 De
1857 3457 1933 3505 his
1956 3459 2185 3521 utrisque
2208 3457 2418 3509 AEtoliae
2444 3462 2650 3525 populis

1588 3530 1789 3579 Plinius
1813 3545 1893 3581 tv.
1918 3535 1968 3583 3.
2153 3535 2162 3541 ”
2319 3592 2324 3599 -

1648 3603 1787 3655 iAut
1808 3607 2112 3671 mmrow]
2135 3608 2317 3672 Lepidi
2340 3625 2652 3676 marmoreo,

1587 3679 1686 3729 hoc
1703 3687 1802 3742 est,
1823 3682 2083 3733 marmori.
2146 3684 2408 3749 Theophr.
2431 3688 2533 3739 loc-
2554 3689 2649 3739 eit.

1586 3754 1784 3805 Καίυνσι
1803 3755 2086 3825 μαρμάρους,ι
2099 3775 2146 3807 κ.
2165 3776 2214 3809 τ.
2238 3768 2290 3809 λ.

1650 3829 1674 3863 ¹¹
1709 3832 1934 3882 Omnium
1973 3835 2153 3898 autem]
2207 3833 2445 3889 Isidorus
2498 3837 2648 3901 Orig.

1588 3920 1708 3956 xvi.
1727 3911 1794 3979 32
1823 3908 1840 3937 ‘
1866 3908 2032 3973 Gypsi
2079 3910 2226 3972 plura
2271 3925 2504 3975 generae
2539 3928 2649 3962 om-

1584 3984 1725 4033 nium
1747 3991 1919 4034 autem
1954 3978 2223 4050 optimum,
2245 3985 2378 4049 lapis
2412 3989 2648 4051 specula·

1585 4060 1687 4110 risz
1723 4070 1803 4110 cst
1839 4061 1977 4110 enim
2016 4060 2175 4124 signis
2210 4061 2575 4120 aediiiciorum⁸
2593 4070 2651 4115 et

1583 4135 1789 4187 coronis
1812 4135 2170 4202 gratissimus-³
