3000 4917
548 338 721 404 450⁰

549 496 715 561 urbe
752 501 823 558 et
859 494 1110 558 ferreus
1139 491 1498 563 Hercules,
1525 512 1723 576 quem
1749 491 1913 556 fecit
1941 490 2212 567 Alcon,¹¹
2253 490 2554 555 laborum
2601 492 2737 556 Dei

548 594 885 678 patientia
931 593 1265 658 inductus,
1351 592 1684 657 Videmus
1723 599 1792 655 et
1843 591 2083 656 Romae
2137 591 2432 674 scyphos
2482 613 2522 656 e
2566 592 2740 656 ferro

549 695 812 763 dicatos
855 696 923 758 in
969 694 1222 777 templo
1263 694 1504 760 Martis
1536 691 1838 756 Ultoris.⁰
1926 691 2304 756 Obstitit‘ep
2342 691 2579 756 eadem
2624 711 2742 756 na·

547 801 718 860 turae
766 796 1161 877 benignitas,
1213 795 1547 876 exigentis
1598 813 1643 858 a
1687 795 1862 858 ferro
1910 794 2065 876 ipso
2115 813 2357 876 poenas
2405 793 2741 875 rubigine:

547 896 916 979 eademque
934 903 959 944 ⁵
1005 896 1418 980 providentia
1460 895 1622 960 tiihil
1651 896 1721 959 in
1749 897 1948 960 rebus
1979 897 2374 960 mortalibus
2404 895 2739 969 faciente‚‘¹

549 1016 751 1080 quam
783 997 962 1081 quod
994 998 1496 1062 infestissimum
1516 996 1545 1037 ⁶
1575 997 1986 1062 mortalitati.

545 1150 550 1157 ,
640 1113 805 1162 xm·
855 1099 1043 1162 Ferri
1103 1097 1382 1162 metalla
1448 1098 1700 1181 ubique
1767 1095 2241 1181 propemodum
2307 1096 2742 1180 reperiuntur,

550 1195 801 1279 quippe
858 1198 1076 1262 insula
1132 1197 1332 1261 etiam
1395 1198 1616 1263 Italiae
1677 1197 1830 1262 Ilva
1890 1198 2197 1279 gignente
2221 1203 2282 1262 ε’
2331 1198 2743 1279 minimaque

547 1295 943 1361 difficultate
973 1303 1487 1380 cognoscuntur,
1510 1300 1664 1382 ipso
1691 1298 1916 1363 colore
1945 1304 2145 1361 terrae
2174 1298 2568 1361 manifesto:
2616 1295 2740 1360 sed

544 1398 732 1462 ratio‘
760 1398 1040 1463 eadem⁵
1084 1398 1541 1482 excoquendis
1577 1401 1788 1464 venis.
1880 1399 1964 1462 In
1995 1397 2441 1481 Cappadocia
2482 1401 2741 1462 tantum

547 1499 837 1578 quaestio
885 1511 1012 1576 est,
1041 1517 1234 1584 aquae
1273 1518 1366 1562 an
1409 1506 1605 1564 terrae
1639 1499 1761 1564 fiat
1805 1504 2181 1582 acceptum,
2227 1499 2545 1582 quoniam
2588 1518 2741 1582 per-

544 1596 701 1661 fusa
728 1604 906 1664 certo
936 1601 1142 1664 fluvio
1169 1605 1362 1676 terra,
1394 1619 1613 1682 neque
1642 1600 1829 1664 aliter
1848 1600 2086 1664 ferrum
2118 1619 2156 1662 e
2185 1600 2571 1664 fornacibus
2596 1597 2743 1663 red·

548 1697 694 1761 dits

1237 384 1242 391 .
1286 352 1350 402 c.
1398 348 1643 399 rmnn
1697 351 2023 423 saeuum

1443 1846 1816 1869 mOMOOOO

547 1987 809 2038 Hardnin.
834 1994 882 2038 1.
911 1995 959 2040 2.
982 1996 1035 2041 8.
1057 1999 1111 2041 et
1135 2000 1352 2042 recentt.
1419 1995 1573 2045 hodie.
1617 1998 1705 2046 Est
1726 1996 1782 2045 in
1813 1997 1973 2045 eodem
1991 1995 2226 2045 Gronov·
2260 2003 2316 2045 et
2348 1995 2625 2058 vulgg.--4
2658 1995 2746 2044 Ita

546 2052 699 2102 codd.
725 2054 978 2103 Harduini
1001 2064 1056 2106 et
1076 2056 1193 2106 cod.
1217 2059 1403 2106 Dalec·
1425 2073 1542 2107 cum
1566 2060 1688 2109 edd.
1715 2060 1969 2110 Harduin.
1996 2064 2044 2109 1.
2080 2064 2131 2110 2.
2157 2064 2205 2108 3.
2226 2067 2280 2109 et
2303 2067 2524 2119 receutt.
2575 2059 2746 2107 Obsis-

548 2116 614 2164 tit
634 2117 861 2167 Gronov.
882 2126 939 2167 et
968 2121 1035 2168 al.
1056 2128 1285 2171 vem—6
1320 2122 1443 2172 Vet.
1468 2124 1656 2173 Dalec.
1680 2123 2087 2187 eiusdemque—6
2119 2123 2253 2174 Cod.
2272 2123 2461 2173 Dalec.
2487 2121 2746 2184 facientis,

540 2193 677 2242 quam
696 2183 816 2245 quod
837 2187 958 2233 esset
979 2182 1357 2244 infestissimam.

1537 2347 1752 2398 No'rAE

609 2442 634 2467 ¹¹
666 2430 840 2499 Alcon]
872 2437 1114 2488 Meminit
1137 2441 1289 2503 hujus
1313 2441 1363 2491 iu
1387 2442 1604 2492 Laconi-

547 2510 621 2560 cis
638 2510 945 2567 Pausanias,
970 2520 1026 2561 et
1044 2512 1426 2578 Hippocoontis
1440 2515 1605 2566 tilium

546 2591 738 2634 vocat:
782 2585 923 2635 Naso
947 2601 1151 2653 quoque
1174 2590 1311 2639 Met.
1336 2603 1467 2641 xm.
1487 2596 1606 2640 688.

539 2660 556 2686 ⁴
581 2659 665 2708 Illi
705 2657 1051 2712 fabricaverat
1096 2663 1266 2713 Alcon
1296 2666 1528 2729 Myleus,
1551 2674 1608 2715 et

544 2734 700 2795 longo
744 2733 1027 2786 coelaverat
1080 2740 1421 2801 argumento.'
1489 2741 1606 2790 Nisi

542 2805 685 2857 forte
713 2807 796 2857 hic
825 2809 1051 2860 Nasonis
1082 2810 1249 2862 Alcon
1284 2816 1608 2878 argentarius

542 2880 693 2933 faber
711 2890 810 2939 est,
832 2884 895 2933 ab
920 2885 1006 2934 illo
1026 2883 1249 2937 ferrario
1271 2888 1524 2939 diversus.

521 2971 532 2975 ·
611 2965 635 2990 ⁰
667 2958 850 3006 Martis
895 2960 1100 3023 Ultoris]
1132 2960 1194 3010 Iu
1226 2959 1340 3012 foro
1362 2963 1610 3027 Augusti,

542 3036 751 3100 regione
772 3037 932 3087 Urbis
952 3045 1157 3089 octava.

609 3120 635 3154 ι)
672 3110 903 3174 Obstitit]
937 3112 1025 3161 Ne
1064 3113 1203 3163 bunc
1257 3113 1401 3165 ferro
1434 3116 1605 3167 mitio·

544 3200 655 3235 rem
693 3186 937 3234 bonorem
975 3187 1084 3237 vita
1123 3187 1360 3245 baberet,
1394 3190 1462 3240 de
1500 3205 1606 3256 quo

546 3255 745 3305 dietum
770 3266 851 3307 est
882 3260 1031 3310 initio
1064 3262 1217 3324 hujus
1248 3278 1365 3327 cap.
1399 3265 1607 3315 obstitit

543 3343 644 3393 pro
666 3344 759 3380 sua
779 3332 1100 3397 benignitate
1140 3344 1349 3403 natura,
1384 3346 1495 3389 tum
1531 3342 1607 3389 in-

546 3404 709 3454 ducta
729 3403 869 3456 ferro
894 3408 1128 3474 rubigine
1151 3413 1366 3462 velutin
1384 3428 1607 3479 poenam,

544 3486 654 3530 tum
674 3481 828 3532 simili
846 3484 959 3547 ejus
984 3486 1312 3549 providentia
1334 3491 1456 3540 nibil
1479 3490 1608 3540 faci-

545 3563 671 3607 ente
692 3557 743 3606 in
768 3559 921 3608 rebus
946 3562 1270 3626 mortalibus,
1293 3580 1449 3629 quam
1465 3567 1606 3631 quod

543 3640 628 3683 est
650 3631 1038 3685 infestissimum
1061 3639 1390 3702 mortalitati,
1413 3647 1470 3691 et
1497 3642 1605 3704 ple-

545 3721 667 3757 num
691 3707 899 3759 laboris.
967 3710 1144 3762 Quare
1178 3727 1207 3761 a
1229 3713 1520 3764 mitioribus
1546 3716 1607 3764 il·

545 3782 610 3832 lis
656 3784 851 3833 artibus
897 3782 1093 3835 ferrum
1133 3788 1506 3840 traducendum
1539 3790 1604 3840 ad

544 3856 731 3921 falces,
771 3861 987 3924 ligones,
1008 3863 1209 3928 aliaque
1245 3866 1606 3922 instrumenta,

548 3935 734 3997 quibus
766 3935 973 3986 arbusta
990 3940 1226 4003 serimus,
1256 3941 1490 4003 ponimus
1516 3955 1606 4005 po·

547 4011 729 4064 maria,
754 4010 999 4062 cadimus
1022 4027 1163 4069 saxa,
1186 4017 1286 4065 ὅτε.

614 4093 638 4125 ‘1
676 4085 923 4147 Fociente]
956 4088 1082 4136 Mss.
1102 4089 1311 4154 quidam
1322 4090 1569 4149 facientis.

616 4165 638 4191 ¹
668 4161 776 4210 Ilm
816 4163 1068 4228 gignente]
1126 4165 1258 4215 Vide
1307 4181 1418 4230 quae
1463 4168 1605 4216 dicta

1680 2451 1800 2493 sunt
1823 2457 1913 2495 ιη.
1934 2448 2016 2494 12.
2066 2442 2271 2492 Servius
2290 2443 2343 2491 in
2362 2441 2487 2491 illud
2507 2442 2743 2491 Maronis

1680 2518 1885 2568 AEneid.
1909 2532 1966 2568 x.
1999 2520 2015 2548 ⁴
2037 2516 2139 2568 Ast
2168 2518 2289 2587 Ilva
2327 2524 2610 2580 trecentos,
2654 2517 2742 2566 Iu-

1682 2594 1795 2642 sula
1816 2593 2133 2642 inexhaustis
2172 2592 2458 2655 Chalybum
2491 2605 2744 2655 generosa

1681 2667 1937 2718 metallis!
1983 2667 2222 2732 Amplius
2249 2667 2443 2731 aliquid
2467 2668 2608 2731 apud
2634 2667 2744 2717 Pli-

1680 2743 1819 2792 nium
1838 2744 2025 2806 legisse
2042 2744 2126 2793 bic
2150 2741 2315 2792 videri
2337 2749 2513 2808 queat.
2566 2744 2744 2792 Verba

1682 2819 1792 2882 ejus
1836 2827 1956 2868 suut
2004 2818 2396 2882 hujuscemodi:
2443 2819 2745 2871 inexhaustis

1686 2892 1944 2956 Chalybas·
1979 2907 2212 2954 generosa
2245 2892 2472 2955 metallis]
2532 2893 2744 2944 Quanto

1683 2967 1936 3016 exhausta
1989 2964 2165 3023 fuerit,
2222 2974 2364 3016 tauto
2421 2970 2742 3031 generosior,

1681 3040 1780 3090 hoc
1814 3048 1918 3104 est,
1954 3040 2239 3103 πολυγόνος.
2312 3043 2452 3106 Ergo
2482 3043 2747 3093 inexhaus-

1683 3116 1748 3166 tis
1769 3129 1870 3167 uon
1904 3123 1985 3166 est
2007 3131 2107 3175 uua
2130 3131 2250 3179 pars
2282 3117 2565 3166 orationis:
2600 3132 2745 3167 nam-

1681 3206 1785 3255 que
1838 3192 1968 3242 dicit
2008 3191 2212 3241 Plinius
2254 3191 2558 3241 Secundus:
2610 3193 2744 3243 Cum

1682 3267 1737 3316 in
1780 3266 1896 3316 aliis
1940 3267 2233 3330 regionibus
2276 3264 2478 3317 effossis
2520 3269 2745 3318 metallis

1683 3348 1839 3391 terrae
1876 3341 1983 3391 siut
2023 3356 2220 3405 vacuae,
2262 3341 2400 3406 apud
2436 3342 2605 3392 Ilvam
2648 3344 2743 3393 boc

1684 3431 1799 3466 esse
1836 3417 2040 3479 mirum,
2063 3417 2268 3466 sublata
2289 3426 2656 3483 renascuntur,
2690 3427 2744 3470 et

1684 3505 1862 3542 rursus
1893 3490 1960 3539 de
2004 3490 2187 3540 iisdem
2227 3492 2357 3542 locis
2400 3491 2742 3544 effodiuntur.

1684 3568 1853 3618 Varro
1890 3574 1947 3618 et
1985 3568 2123 3617 aliud
2167 3567 2316 3623 dicit,
2351 3571 2494 3618 nasci
2532 3570 2743 3633 quidem

1684 3642 1792 3693 illic
1814 3643 2029 3698 ferrum,
2065 3640 2158 3691 sed
2194 3644 2248 3691 in
2297 3644 2594 3693 stricturam
2640 3658 2741 3693 nou

1685 3730 1833 3780 posse
1849 3718 1985 3781 cogi,
1999 3718 2097 3767 uisi
2118 3725 2464 3768 transvectum
2487 3718 2540 3768 in
2563 3719 2741 3782 Popu-

1681 3790 1871 3840 loniam
1899 3793 2103 3842 Tuscioe
2125 3792 2411 3856 civitatem,
2435 3795 2536 3858 ipsi
2558 3796 2741 3843 insulae

1682 3867 1943 3917 vicinam.’
2034 3868 2164 3917 Haec
2220 3869 2449 3931 Servius,
2493 3872 2646 3933 cujus
2689 3871 2740 3918 in

1681 3940 1955 3991 laudandis
1996 3941 2296 3992 auctoribus
2334 3943 2468 3993 band
2505 3947 2635 3995 sa'tis
2659 3953 2739 3995 est

1682 4018 1950 4081 explorata
1973 4017 2119 4069 fides.

1713 4100 1765 4165 ,⁸
1797 4093 1896 4143 Sed
1933 4095 2060 4144 ratio
2101 4094 2284 4158 eadem]
2318 4095 2453 4148 Qun
2495 4097 2610 4146 aeris
2654 4111 2737 4146 ex·

1686 4166 1899 4231 plicata.
