3000 4917
2337 368 2508 436 4661

302 519 729 586 advectorum
756 521 1073 586 denotare
1098 523 1524 587 instituerunt
1551 525 1856 607 majores,
1926 524 2299 608 'Palemque
2324 528 2505 593 Pub-

297 622 467 685 lium
487 630 516 664 o
544 623 883 687 Lucilium
904 631 923 669 ³
958 624 1240 689 mimicae
1265 643 1480 690 scenae
1514 626 1944 703 conditorem,
1975 632 2045 689 et
2075 628 2459 711 astrologiae
2479 640 2507 679 P

302 725 780 788 consobrinum
831 725 980 807 ejus
1038 726 1442 790 Manilium4
1491 726 1921 806 Antiochum,
1968 730 2130 793 item
2185 750 2504 811 gramma-

296 825 459 889 ticae
524 826 897 893 Staberium
954 826 1279 906 Erotem,q
1338 829 1571 893 eadem
1637 849 1806 893 nave
1858 831 2180 895 advectos
2201 839 2225 878 ⁵
2279 833 2506 898 videre

298 926 594 1008 proavi.r

385 1028 671 1109 (xv111.)
724 1028 854 1092 Sed
909 1029 1068 1112 quid
1121 1030 1245 1094 hos
1296 1032 1512 1095 refero
1573 1032 1806 1117 aliquo
1861 1034 2196 1098 literarum
2251 1038 2504 1100 honore

297 1129 904 1195 commendatosi⁶
990 1132 1221 1196 Talem
1253 1134 1320 1195 in
1349 1139 1649 1198 catasta⁸
1698 1134 1927 1198 videre
1960 1134 2506 1220 Chrysogonum‘

295 1230 537 1315 Syuae,
569 1231 1014 1317 Amphionem
1049 1231 1135 1312 Q.
1170 1232 1442 1311 Catuli,⁷
1466 1243 1492 1270 ⁰
1528 1235 1870 1300 Heronem
1899 1237 1979 1300 L.
2004 1236 2327 1316 Luculli,V
2358 1238 2502 1304 De-

883 379 1059 427 NAT.
1106 376 1303 429 Hlsr.
1350 379 1494 427 ma.
1543 380 1797 434 xxxv,
1841 366 1949 431 58.

1230 1393 1597 1417 OOOOOOOOOOO

288 1495 545 1545 victoriam
566 1502 891 1548 nostram—3
927 1500 942 1527 ‘
960 1498 1048 1547 Ita
1070 1498 1219 1547 codd.
1244 1498 1406 1559 Regg.
1431 1501 1479 1548 3.
1500 1504 1550 1547 5.
1607 1498 1712 1548 Hic
1738 1498 1943 1549 videtur
1964 1513 2078 1549 esse
2101 1498 2319 1548 Publius
2341 1502 2498 1564 Syrus

291 1560 699 1623 mimographus,
733 1562 883 1625 cujus
919 1571 1105 1612 extant
1146 1563 1457 1612 sententias)
1508 1564 1727 1615 Brotier.
1795 1565 1882 1613 Ita
1918 1578 2125 1629 quoqne
2163 1566 2280 1615 cod.
2312 1567 2499 1614 Dalec.

290 1626 496 1675 Potium
524 1628 644 1676 Vet.
671 1629 849 1678 Dalec.
917 1628 1155 1677 Lucilium
1189 1628 1338 1677 deest
1376 1628 1427 1675 in
1453 1627 1573 1677 edd.
1600 1636 1729 1679 vett.
1757 1629 1986 1678 Gronov.
2016 1629 2272 1678 Harduin.
2308 1634 2352 1680 1.
2377 1635 2426 1679 2.
2451 1635 2499 1678 3.

291 1697 349 1738 et
397 1697 725 1741 recentt.—4
779 1689 864 1741 Ita
898 1692 1050 1740 codd.
1102 1691 1356 1740 Harduini
1401 1700 1455 1740 et
1499 1693 1688 1742 Dalec.
1728 1694 1853 1742 item
1886 1694 2019 1743 edd.
2068 1694 2326 1744 Harduin.
2368 1698 2412 1742 l.
2448 1699 2498 1743 2.

288 1758 341 1803 3.
367 1763 425 1805 et
450 1763 669 1805 recentt.
737 1757 977 1806 Manlium
1011 1757 1243 1806 Gronov.
1281 1764 1335 1805 et
1364 1758 1633 1819 vulgg.—5
1681 1758 1954 1807 ‘Tiberium
1993 1760 2055 1807 Ε.
2083 1775 2126 1807 e.
2164 1773 2213 1807 n.
2251 1759 2496 1807 advectum

289 1819 402 1867 Ms.
434 1820 555 1881 lego
591 1820 874 1876 Staberium,
898 1836 927 1869 e
964 1820 1247 1870 Suetonio.’
1282 1821 1452 1870 Doleo.
1526 1821 1792 1884 Taberium,
1825 1826 1906 1885 ᾴο.
1947 1826 2163 1872 advectos
2183 1823 2417 1873 Gronov.
2443 1831 2496 1870 et

289 1884 358 1932 al.
379 1893 504 1933 ante
543 1884 899 1935 Hardnin.—6
932 1885 1059 1935 Cod.
1080 1886 1256 1934 Dalec.
1298 1886 1475 1944 referat
1495 1887 1690 1949 uliquis,
1704 1902 1818 1950 quos
1833 1889 2081 1937 literarum
2102 1889 2249 1936 bonor
2269 1902 2496 1937 commen·

285 1950 492 2016 duh—7
527 1952 543 1977 ‘
567 1951 666 1997 Ms-
700 1956 943 1999 rectorem.
1017 1950 1067 1998 Is
1089 1949 1329 2013 fortasse,
1355 1950 1420 1999 de
1443 1966 1544 2015 quo
1569 1964 1775 1999 xxviii.
1802 1950 1871 1999 5!
1906 1952 2087 2001 Dalm-
2147 1953 2291 2011 Mox,
2312 1953 2494 2001 Petau-

284 2028 474 2077 geaque
500 2014 739 2064 Demetrii
759 2015 875 2065 cod.
903 2015 1088 2065 Dalec.
1158 2016 1323 2065 Paulo
1349 2023 1483 2078 post,
1508 2015 1763 2064 Hilarium
1787 2017 1865 2065 M.
1885 2014 2090 2066 Antonii
2112 2017 2163 2066 in
2187 2017 2370 2067 eodem
2410 2030 2497 2068 co-¹

1284 2175 1504 2229 NOTAE

288 2273 387 2323 ‘ad
442 2280 661 2324 metam’
712 2276 994 2340 legeretur.
1076 2278 1248 2326 Multa
1303 2276 1354 2325 in

287 2365 402 2400 eam
445 2366 555 2401 rem
579 2352 790 2402 Vossius
812 2354 867 2402 in
899 2354 1199 2418 Etymolog.
1242 2369 1355 2404 ver·

289 2426 360 2476 bo
389 2434 407 2457 ‘
427 2428 596 2477 Calxl

353 2510 378 2535 ¹¹
410 2504 659 2567 Pedesque
676 2504 932 2569 renalium]
954 2504 1353 2568 Mancipiorum,

285 2595 505 2646 qnorum
529 2590 776 2645 gypsatos
802 2584 960 2644 pedes
978 2584 1206 2645 appellat
1224 2583 1353 2632 Ovi·

287 2657 403 2705 dius
448 2657 630 2707 Amor.
668 2672 707 2706 1.
748 2662 797 2708 8.
834 2662 916 2707 64.
982 2660 1179 2709 Tritum
1224 2660 1348 2709 iilud

286 2731 589 2783 Juvenaiis:
635 2731 855 2795 ‘Nuper
897 2733 949 2782 iu
992 2734 1127 2783 hanc
1173 2736 1350 2784 urbem

288 2808 504 2872 pedibus
531 2809 619 2870 qui
645 2816 856 2858 venerat
879 2809 1050 2859 albis.’

348 2891 373 2916 ⁰
405 2884 660 2948 Publium]
697 2884 825 2935 Quis
859 2885 1021 2935 fuerit
1055 2886 1138 2935 hic
1174 2886 1354 2935 Publi·

287 2975 362 3022 us,
378 2960 549 3010 adhuc
569 2961 947 3023 inexploratum
971 2977 985 3010 ι
1022 2976 1190 3025 neque
1212 2964 1351 3010 enim

284 3038 445 3101 Syrus
474 3038 565 3085 ille
600 3038 981 3101 mimographus
1004 3053 1120 3087 esse
1156 3044 1350 3102 potest,

285 3115 368 3179 qui
426 3114 751 3177 temporibus
794 3113 1018 3177 Augusti
1072 3114 1350 3175 inclaruit;

283 3205 434 3255 quem
458 3205 563 3239 non
587 3191 739 3239 modo
764 3190 925 3239 Plinii
950 3191 1129 3254 proavi
1156 3190 1351 3248 videre,

285 3270 372 3319 sed
399 3277 451 3318 et
480 3279 631 3333 pater
657 3270 844 3331 potnit.
913 3267 978 3317 In
1007 3270 1132 3331 Reg.
1154 3273 1204 3318 2.
1231 3269 1350 3320 cod.

284 3345 512 3396 Publium
548 3346 792 3395 Lot-bium.
879 3344 945 3393 In
990 3344 1139 3394 Colb.
1179 3349 1229 3394 3.
1286 3345 1349 3393 Ρ.

283 3422 524 3470 Lucilium
548 3421 753 3482 legitur.

342 3508 369 3542 Ρ
409 3500 477 3547 Et
512 3498 811 3562 astrologice]
847 3496 1348 3560 Subintellige,con·

283 3574 526 3624 ditorem.
583 3575 725 3623 Cave
747 3581 919 3623 tamen
942 3574 1208 3623 existimes
1231 3587 1347 3623 eum

282 3666 414 3707 esse,
460 3650 612 3714 cujus
656 3647 1214 3720 Astronomiconulibri
1258 3663 1348 3697 ex-

285 3734 429 3789 tant;
465 3742 584 3774 cum
611 3726 675 3786 is,
698 3739 849 3788 quem
875 3723 1076 3773 Plinius
1096 3738 1234 3772 niune
1256 3738 1346 3787 ap·

283 3803 462 3866 pellat,
509 3801 671 3850 multo
721 3801 790 3850 sit
837 3801 1105 3861 vetustior,
1154 3800 1347 3864 quippe

284 3879 368 3942 qui
392 3879 553 3927 Plinii
580 3885 778 3927 tantum
816 3878 1019 3940 proavis
1060 3884 1215 3927 notus
1239 3876 1351 3926 fue·

284 3955 367 4011 rit,
406 3970 468 4005 ac
507 3954 646 4004 bello
681 3955 884 4003 Punico
924 3953 1097 4018 tertio,
1135 3961 1194 4003 ut
1230 3968 1346 4003 mox

285 4031 535 4081 dicemus.
603 4032 703 4079 Sed
724 4038 779 4079 et
804 4036 1072 4079 externum
1090 4030 1344 4078 hominem

285 4108 414 4157 hunc
448 4106 629 4171 fuisse,
663 4108 835 4171 ipsum
875 4106 1121 4158 Antiochi
1160 4121 1347 4156 nomen

287 4184 534 4233 declarat.

350 4268 373 4302 ‘¹
407 4262 681 4313 Staberium
707 4260 932 4324 Erotem]
964 4261 1049 4312 Sic
1072 4261 1200 4311 Mss.
1237 4275 1343 4311 om-

1434 2290 1545 2332 nes,
1566 2290 1668 2326 non
1693 2275 1957 2325 Tuber-ium.
2023 2274 2298 2325 Suetonius
2330 2273 2396 2322 de
2424 2274 2495 2323 Il-

1433 2353 1579 2401 iustr.
1614 2352 1902 2402 Grammat.
1942 2365 2059 2414 cap.
2092 2356 2167 2401 13.
2204 2356 2220 2381 ⁶
2247 2352 2494 2402 Laberius

1432 2427 1598 2478 Hiera
1653 2428 1800 2493 (lege
1841 2443 1908 2477 ex
1947 2429 2135 2488 Plinio,
2183 2428 2200 2454 ‘
2223 2427 2492 2477 Staberins

1431 2503 1561 2552 Eros
1576 2502 1619 2567 ⁹)
1642 2519 1733 2553 sno
1756 2506 1878 2554 hero
1903 2514 2069 2554 emtus
2095 2504 2161 2553 de
2195 2511 2413 2563 catasta,
2437 2511 2495 2553 et

1431 2588 1651 2642 propter
1687 2582 1950 2629 literarum
1972 2580 2197 2629 studium
2223 2580 2493 2628 manumis-
2584 2576 2596 2584 ’

1429 2671 1533 2714 sus,
1569 2657 1747 2706 docuit
1785 2658 1920 2705 inter
1954 2665 2160 2705 ceteros
2190 2657 2409 2706 Brutum
2434 2663 2492 2705 et

1430 2734 1684 2784 Cassium.
1766 2736 1899 2785 Sunt
1941 2736 2027 2798 qui
2080 2735 2291 2784 tradant
2346 2743 2491 2784 tanta

1429 2823 1546 2860 eum
1585 2813 1854 2861 honestate
1891 2810 2182 2873 praeditum,
2206 2817 2263 2859 nt
2294 2818 2489 2873 tempo·

1427 2887 1570 2936 ribus
1603 2888 1825 2951 Syllanis
1863 2887 2264 2949 proscriptorum
2298 2886 2489 2935 liberos

1429 2966 1613 3028 gratis,
1635 2973 1689 3014 et
1728 2966 1835 3013 siue
1875 2964 2112 3012 mercede
2138 2963 2241 3012 ulla
2264 2963 2314 3012 in
2337 2963 2489 3012 disci·-

1429 3042 1620 3105 plinam
1648 3040 1939 3103 receperit.’

1496 3123 1516 3150 ¹·
1540 3117 1719 3165 Eadem
1737 3129 1882 3165 nave.
1903 3148 1915 3163 .
1930 3148 1944 3163 .
1959 3113 2118 3162 videre
2136 3112 2326 3174 imavi]
2348 3112 2487 3162 Hinc

1426 3205 1604 3241 eorum
1643 3192 1867 3241 omnium
1909 3199 2034 3238 oetas
2058 3188 2389 3250 „intelligitur
2432 3189 2485 3237 in

1429 3275 1633 3331 tempus
1659 3265 1774 3316 fere
1808 3266 2030 3314 devictae
2057 3264 2386 3327 Carthaginis
2412 3262 2485 3314 ini

1426 3344 1638 3404 cidisse,
1665 3344 1762 3393 hoc
1792 3350 1892 3402 ast,
1922 3350 2044 3390 ante
2076 3354 2238 3390 annos
2273 3340 2487 3390 circiter

1427 3434 1595 3474 ccxx.
1633 3434 1784 3483 quam
1821 3420 1932 3468 hoec
1970 3418 2221 3467 scriberet
2257 3418 2483 3467 Plinius:

1426 3499 1515 3563 qui
1559 3498 1690 3546 libro
1731 3511 1840 3559 seq.
1875 3510 1990 3558 cap.
2027 3500 2078 3546 4.
2117 3509 2148 3542 a
2187 3504 2380 3558 nepote
2418 3493 2484 3546 ad

1426 3588 1674 3638 proavum
1701 3586 1790 3623 tx.
1815 3571 2153 3635 Olympiadas
2179 3576 2432 3619 numerat.

1471 3659 1510 3696 ‚⁸
1548 3650 1708 3699 Talem
1748 3650 1802 3698 iu
1842 3646 2048 3709 catasta]
2095 3646 2306 3695 catasta
2344 3647 2486 3694 locus

1424 3725 1543 3789 fuit,
1569 3728 1618 3775 in
1648 3740 1747 3789 quo
1781 3723 1919 3773 servi
1958 3723 2182 3781 venales,
2214 3735 2484 3786 gypsoque

1425 3802 1507 3852 vel
1544 3810 1694 3852 creta
1731 3800 1916 3860 notati,
1951 3797 2395 3852 custodiebantur,
2429 3806 2485 3846 et

1426 3878 1708 3930 venditioni
1733 3875 2153 3940 exponebantur.
2199 3873 2335 3922 Vide
2353 3874 2484 3923 Tbe-

1421 3970 1630 4008 saurum
1655 3953 1868 4022 Lingua}
1894 3951 2111 4000 Latinoe.
2477 4001 2485 4006 ,

1486 4032 1505 4064 ²
1563 4027 1943 4094 Chrysogonum]
2008 4025 2165 4088 Synae
2221 4024 2483 4083 libertum,

1423 4115 1678 4158 sectorem
1704 4105 1873 4156 Roscii
1892 4103 2146 4165 Amerini,
2164 4110 2220 4153 ut
2239 4110 2321 4153 est
2343 4104 2482 4168 apud

1422 4184 1646 4233 Tullium
1670 4181 1721 4229 in
1744 4181 1896 4230 Orat.
1919 4194 2012 4241 pro
2036 4179 2244 4228 Roscio.

1490 4266 1512 4292 ⁸
1549 4260 1611 4315 Q.
1639 4257 1824 4321 Catuli]
1855 4256 1924 4308 Q.
1946 4255 2149 4306 Lutatii
2179 4254 2365 4311 Catuli,
2394 4254 2481 4318 qui
