3000 4917
2312 352 2489 419 4543

292 519 363 579 et
407 512 721 596 Pergami
766 531 979 594 regesi,
996 513 1127 594 qui
1157 492 1628 576 Bibliothecae
1657 529 1893 591 magno
1922 510 2282 575 certamine
2307 512 2493 577 insti-

294 624 511 692 tuere,
562 635 699 680 non
752 614 958 678 facile
1011 608 1345 677 dixerim.j
1465 611 1840 693 Imagiuum
1898 629 2118 675 amore
2174 611 2493 693 flagrasse

294 716 635 798 quosdam
656 722 709 764 ¹⁴
754 723 958 781 testes
1008 723 1167 779 sunt
1213 721 1285 778 et
1324 712 1600 777 Atticus
1647 711 1765 777 ille
1805 710 2146 776 Ciceronis
2187 712 2370 777 edito
2412 713 2494 777 de

294 814 445 881 his¹<
491 817 847 895 volumine,
878 824 948 881 et
992 816 1269 880 Marcus
1307 816 1528 881 Varro
1565 813 2031 896 benignissimo
2076 813 2371 890 invento,
2401 813 2498 876 in-

298 920 496 985 sertis
545 921 951 998 voluminum
998 938 1266 983 suorum
1312 917 1758 995 foecunditati,
1787 937 1920 982 non
1947 918 2321 982 nominibus
2352 927 2497 984 tan-

207 1024 212 1028 ’
299 1027 440 1085 tum
466 1023 1025 1103 septingentorum
1052 1021 1440 1099 illustrium,
1462 1020 1581 1083 sed
1609 1027 1679 1084 et
1708 1018 1942 1102 aliquo
1972 1019 2170 1083 modo
2199 1020 2503 1102 imagini-

300 1121 457 1197 buS,
495 1141 632 1184 non
683 1141 927 1204 passus
971 1120 1361 1186 intercidere
1379 1128 1428 1168 ¹⁵
1472 1122 1738 1202 figurae,
1770 1126 1901 1184 aut·
1925 1127 2326 1185 vetustatem
2371 1124 2501 1187 aevi

302 1228 542 1289 contra
584 1220 893 1285 homines
940 1222 1185 1298 valere,
1218 1222 1522 1286 inventor
1560 1221 1854 1285 muneris
1898 1222 2095 1285 etiam
2134 1221 2289 1287 Diis
2334 1224 2505 1290 invi-

297 1320 573 1399 diosi,¹⁶
625 1322 891 1404 quando
944 1319 1543 1388 immortalitatem¹
1590 1342 1723 1387 non
1767 1323 1988 1386 solum
2033 1321 2234 1401 dedit,
2276 1343 2503 1390 verum

303 1425 507 1486 etiam
553 1424 619 1486 in
667 1442 901 1486 omnes
947 1430 1156 1488 terras
1193 1425 1396 1501 misit,
1428 1429 1505 1488 ut
1539 1430 1905 1507 praesentes
1949 1442 2100 1488 esse
2131 1425 2402 1508 ubique,
2436 1432 2508 1490 et

307 1524 487 1588 credi
520 1531 930 1606 possent.¹⁷¹¹¹

398 1642 518 1687 ιιι.
561 1623 880 1724 (ιιι.).Εῑ
922 1625 1047 1689 hoc
1091 1625 1354 1708 quidem
1388 1626 1624 1690 alienis
1653 1625 1766 1690 ille
1797 1625 2130 1708 praestitit.
2218 1627 2509 1692 Suorum

883 370 1060 422 uxr.
1105 370 1305 418 flts‘r.
1356 365 1499 417 nm.
1546 366 1803 418 xxxv.
1846 352 1911 416 3.

1229 1801 1411 1824 OO‘O‘O
1416 1804 1440 1824 Ο
1444 1804 1472 1824 O
1477 1781 1595 1825 '‘0“

311 1932 506 1983 vultus!
542 1932 892 1982 Erotion-»13
929 1933 1058 1983 Cod.
1093 1932 1273 1982 Dalee.
1297 1932 1572 1994 reipublic-a
1599 1933 1861 1985 datm—14
1894 1932 1909 1959 ‘
1929 1930 2011 1980 Ita
2049 1931 2168 1980 cod.
2201 1931 2388 1982 Dalec.
2448 1933 2527 1982 In.

311 1997 469 2047 codd.
496 1997 660 2059 Regg.
693 1996 936 2046 Editione
957 1998 1215 2059 principe,
1232 1996 1465 2060 aliisque,
1483 1998 1730 2059 quondam.
1799 1995 1872 2044 At
1900 1997 1942 2042 si
1962 1997 2247 2044 retineatur
2267 1999 2515 2068 quondq1n‚

311 2059 694 2110 emendandum
712 2070 791 2110 est
813 2058 1053 2110 umorem)
1078 2061 1300 2110 Brotier.
1368 2074 1527 2108 amore
1531 2060 1775 2124 flagrasse
1790 2061 2019 2123 qnondam
2044 2059 2297 2109 Harduin.
2321 2065 2366 2110 l.
2388 2064 2512 2111 2013.

313 2133 364 2175 et
391 2132 623 2174 recentt.
685 2139 890 2173 amorem
907 2126 959 2185 s.
978 2127 1210 2187 quondam
1225 2124 1457 2173 Gronov.
1481 2132 1537 2172 et
1562 2125 1733 2186 vulgg.
1800 2124 1949 2184 Mox,
1972 2124 2071 2171 suis
2091 2122 2404 2177 voluminibus
2420 2140 2514 2173 non

312 2192 501 2238 tontum
541 2189 808 2237 nominibus
842 2190 1266 2251 septingentorum,
1294 2190 1375 2250 ⁸50·
1412 2187 1530 2236 eod.
1571 2187 1882 2236 Dialem—16
1919 2185 2048 2236 Cod.
2080 2186 2264 2236 Dalec.
2298 2187 2515 2239 interire.

312 2257 447 2301 —16
487 2251 575 2301 Ita
607 2267 672 2300 ex
706 2252 859 2301 codd.
903 2252 1205 2301 Harduiuus
1244 2258 1299 2300 et
1340 2257 1565 2300 recentt.
1631 2264 1873 2301 sacrorum
1908 2250 2204 2299 inventores.-
2257 2252 2517 2313 quinetiam

315 2316 433 2365 Diis
455 2315 691 2365 invidiose
713 2317 828 2364 cod.
848 2317 1025 2365 Dalec.
1093 2315 1462 2376 Daleeampius
1480 2314 1625 2376 legit.
1642 2316 1920 2364 invidiosus.
1978 2315 2208 2363 Gronov.
2230 2322 2287 2363 et
2309 2316 2377 2364 al.
2395 2322 2517 2365 ante

317 2379 577 2428 Harduiu.
601 2380 872 2429 inventione
892 2378 1098 2428 intineris
1118 2380 1262 2429 etiam
1294 2379 1411 2429 Diis
1428 2378 1842 2427 invidiosus—17
1879 2378 1964 2426 Ita
1989 2377 2144 2426 codd.
2168 2378 2334 2440 Regg.
2366 2380 2516 2428 Brot.

318 2451 372 2491 et
402 2443 582 2495 Editio
608 2445 866 2507 princeps.
930 2444 1102 2509 ubique
1122 2444 1256 2491 credi
1290 2441 1474 2505 possint
1493 2441 1612 2492 cod.
1641 2444 1828 2493 Dalec.
1883 2441 2051 2505 ubique
2072 2448 2120 2491 et
2143 2443 2305 2491 cundi
2328 2448 2520 2506 possent

320 2507 553 2558 Gronov,
585 2509 656 2558 al.
681 2516 810 2559 vett.
843 2507 1105 2558 Harduin.
1126 2513 1175 2558 1.
1199 2511 1248 2556 2.
1272 2510 1321 2556 3.
1342 2514 1399 2556 et
1421 2512 1643 2556 receutt.

1315 2684 1533 2736 80⁹1*AE

320 2814 444 2848 essu
468 2798 609 2848 bello
631 2799 791 2856 civili,
823 2814 940 2849 eum
979 2802 1156 2851 Caesar
1179 2801 1231 2849 in
1254 2798 1385 2850 urbe

322 2874 437 2936 ipsa
473 2873 796 2923 Alexandria
819 2874 1010 2932 bellum
1047 2890 1163 2924 cum
1202 2874 1385 2924 incolis

323 2955 551 3010 gereret.

1537 2797 1550 2831 ¹
1591 2798 2067 2863 ‘Immortalitatenfl
2131 2786 2378 2863 Augustis
2421 2800 2527 2850 suis

1467 2873 1788 2937 principibus
1808 2875 2274 2935 immortalitatem,
2306 2876 2404 2925 hoc
2425 2882 2527 2939 est,

1445 2942 1655 2998 'famam
1695 2949 2084 3012 sempiternam,
2129 2957 2335 2998 veteres
2378 2957 2528 3011 opta-

382 3022 401 3065 J
426 3023 703 3082 Nonfaoile
721 3024 950 3087 dixerim]
981 3022 1281 3074 Antecessit
1298 3024 1388 3075 ho·

326 3110 436 3145 rum
464 3105 675 3146 aetatem
701 3096 998 3147 Aristotelis
1020 3113 1081 3146 ae
1096 3099 1392 3163 Theophra-

331 3247 497 3297 Neleo
519 3246 714 3295 deinde
735 3248 932 3297 Corisci
956 3247 1062 3297 filio
1089 3249 1291 3300 coemto
1313 3265 1326 3298 ε
1363 3264 1394 3298 a

327 3336 427 3386 qno
450 3326 638 3387 postea
675 3322 832 3371 libros
865 3337 955 3372 eos
990 3330 1247 3374 mercatus
1272 3326 1396 3374 Pto·

327 3397 538 3446 lemaeus
596 3396 962 3461 Philadelphus
1023 3398 1394 3450 Alexandriam

332 3473 618 3534 transtulit,
654 3479 790 3523 teste
813 3472 1071 3524 Athenaeo
1094 3476 1187 3526 lib.
1210 3490 1251 3524 ι.
1273 3490 1393 3539 pag.

331 3553 376 3598 8.
438 3547 677 3605 clearchi
699 3562 905 3612 quoque
932 3549 1083 3611 primi
1120 3549 1394 3601 Heracleae

334 3623 571 3680 Pontice
598 3623 826 3687 tyranni,
839 3625 953 3688 ejus
978 3625 1065 3689 qui
1087 3625 1322 3674 Platonis
1340 3632 1395 3675 et

332 3693 577 3749 Isocratis
593 3699 802 3749 auditor
821 3699 947 3750 fuit:
986 3702 1029 3749 ls
1047 3703 1182 3751 enim
1198 3702 1394 3751 Biblio-

335 3775 533 3824 thecem
552 3774 764 3837 struxit,
788 3789 941 3836 quam
966 3776 1142 3827 laudat
1164 3777 1395 3840 impense

334 3850 583 3901 Memnon
602 3849 737 3912 apud
762 3850 1020 3914 Photium,
1035 3851 1151 3902 cod.
1167 3865 1397 3903 ccxxiv-

397 3922 420 3955 *
459 3923 608 3972 Edico
625 3926 685 3972 de
702 3921 805 3986 his]
837 3925 924 3973 De
948 3925 1251 3988 imaginibus
1281 3942 1397 3991 qum

336 3999 560 4063 solerent
598 3999 650 4048 in
690 3999 1031 4050 Bibliothecis
1070 4003 1398 4063 collocari.—

337 4081 354 4103 ·
377 4074 632 4123 volumen
654 4075 784 4124 illud
810 4090 841 4124 a
862 4077 1115 4127 Cicerone
1129 4080 1399 4141 scriptum,

341 4149 422 4197 cui
464 4164 653 4199 nomen
688 4150 820 4199 feeit
856 4152 872 4179 ‘
897 4152 1145 4218 Atticus,’
1192 4156 1396 4218 penitus

340 4223 640 4275 intercidit.’
673 4226 767 4274 Ed.
789 4239 881 4277 sec.

1467 3038 1611 3074 vere.
1666 3024 1817 3073 Siein
1841 3039 2046 3074 nummo
2071 3024 2271 3073 Claudii
2296 3024 2531 3080 Gotltici,

1455 3113 1537 3161 ‚ex
1560 3113 1663 3148 aere
1693 3100 1924 3160 minimo,
1947 3101 1997 3147 in
2024 3100 2243 3149 Cimelio
2268 3103 2337 3149 D.
2359 3098 2530 3151 Abba·
2582 3152 2605 3170 v

324 3173 392 3220 sti
414 3168 546 3220 curti
565 3172 616 3219 in
654 3171 983 3234 Bibliotheca
1020 3172 1339 3237 adornanda,
1363 3189 1395 3222 a
1453 3166 1458 3175 ’

1470 3174 1539 3223 tis
1570 3174 1747 3223 Fawel
1779 3175 1854 3224 sic
1892 3176 2162 3238 inscripto,
2197 3189 2332 3226 mvo
2357 3189 2388 3225 c
2411 3189 2530 3225 (τινα

1470 3261 1589 3309 Aio,
1654 3249 1952 3312 legebamus
1997 3249 2110 3312 jam
2168 3251 2286 3300 olim
2337 3253 2353 3277 ‘
2394 3265 2531 3301 nivo

1473 3325 1692 3375 Claudio
1738 3326 1848 3374 civi
1901 3327 2006 3376 Sno
2058 3326 2390 3378 Arelatenses
2430 3329 2533 3378 Im·

1475 3399 1842 3448 mortalitatem
1882 3399 2133 3462 Optann'
2181 3417 2333 3466 quem
2356 3404 2407 3452 in
2433 3404 2533 3452 elio

1475 3474 1782 3524 numismate
1804 3475 1983 3525 dixere
2007 3475 2161 3526 iidem
2183 3476 2285 3526 frui
2304 3480 2414 3541 Jsm
2438 3491 2536 3529 nn-

1477 3562 1612 3602 Qvus
1647 3562 1989 3601 ommonvm
2023 3557 2404 3603 mem-mnus?
2436 3555 2535 3603 Ed.
2626 3611 2635 3617 p

1471 3639 1568 3675 sec.

1539 3707 1578 3733 ¹²¹
1608 3700 1670 3748 Et
1691 3699 1822 3749 credi
1845 3699 2050 3765 [claudi]
2069 3702 2285 3766 possent]
2311 3701 2534 3755 Quidam

1476 3773 1606 3824 Mss.
1629 3770 1794 3838 ubique
1806 3777 1937 3825 credi
1947 3781 2154 3838 possent.
2191 3776 2337 3826 Male
2353 3793 2372 3827 a
2395 3779 2536 3835 Clon-

1475 3850 1529 3898 de·
1573 3850 1655 3899 hic
1689 3859 1789 3914 est,
1829 3852 1878 3899 in
1924 3850 2249 3901 bibliothecis
2291 3852 2537 3911 detineri,

1474 3927 1745 3983 asservari,
1770 3927 1958 3976 includi
1982 3927 2205 3976 virorum
2226 3938 2536 3993 summorum

1474 4000 1725 4064 imagines
1746 4018 1759 4049 ε
1795 4001 1882 4067 qui
1906 4016 2004 4066 ope
2020 4003 2238 4065 picturae
2260 4018 2358 4055 non
2382 4004 2537 4059 modo

1478 4091 1590 4126 esse
1616 4088 1902 4141 praesentes
1944 4080 2131 4144 ubique
2167 4080 2385 4131 subinde
2425 4097 2540 4146 pos-

1475 4154 1613 4204 sint:
1651 4154 1740 4204 sed
1764 4162 1819 4207 et
1841 4155 1989 4208 simul
2008 4156 2199 4222 ubique
2221 4158 2408 4209 claudi.
