3000 4917
487 416 665 485 4930
1387 423 1394 430 ·
1470 421 1719 473 ιιιυιιι
1771 422 1778 430 ·

487 578 695 629 vitate:
722 571 1001 637 Apollonii,
1026 570 1111 636 qui
1133 569 1252 635 Mys
1270 566 1666 632 cognominatus
1682 571 1781 628 est,
1804 561 1857 614 in
1881 561 2060 614 schola
2083 562 2273 627 socius,
2295 563 2443 629 cujus
2464 563 2720 616 meminit

492 658 727 708 Galenus
752 655 819 705 de
840 652 1029 703 Differ.
1055 653 1201 701 Puls.
1226 664 1302 700 ιν.
1345 653 1425 699 10.
1468 663 1521 713 p.
1552 652 1635 697 95.
1671 654 1812 696 tomo
1837 659 1964 695 νιιι.
2006 645 2092 695 ubi
2130 660 2247 695 eum
2283 648 2510 696 omnium
2534 647 2722 710 Chry.

491 738 649 789 sermi
689 736 1061 799 discipulorum
1105 731 1444 781 clarissimum
1471 735 1643 784 vocat,
1685 742 1746 775 ac
1773 727 1962 776 librum
2004 727 2119 790 ejus
2155 726 2432 790 septimum
2455 726 2525 775 de
2562 736 2728 776 secta

489 817 787 882 Herophili,
809 818 890 867 cui
925 820 1038 864 erat
1062 813 1330 875 addictus,
1355 810 1506 860 citat.
1574 808 1738 858 Addit
1765 809 1900 857 idem
1935 808 2168 857 Galenus
2212 814 2351 856 tomo
2384 821 2463 858 ιι.
2503 808 2727 858 Comus.

487 913 530 952 ι.
555 901 607 950 1ιι
635 901 725 948 lib·
745 912 820 948 vt.
855 895 1094 961 Epidem·
1118 894 1376 958 Hippocr.
1403 907 1452 956 p.
1473 894 1587 941 254.
1615 891 2016 952 interpretatum
2057 904 2172 938 esse
2194 889 2287 938 lios
2327 890 2465 952 ipsos
2495 890 2727 953 Hippo-

488 981 650 1030 cratis
673 979 863 1028 libros:
902 975 1240 1041 Aphorismos
1279 973 1618 1035 item‚·immo
1663 972 1835 1021 omnia
1869 970 2211 1033 Hippocratis
2236 984 2395 1033 opera
2423 972 2726 1020 Commen-

490 1061 637 1111 tariis
660 1061 967 1120 illustrasse,
985 1063 1126 1106 tomo
1146 1069 1253 1106 ιιι.
1277 1055 1569 1104 comment.
1591 1069 1633 1104 1.
1669 1054 1722 1102 in
1746 1054 1833 1101 lib.
1860 1053 2112 1115 Hippocr.
2136 1051 2207 1100 de
2232 1050 2455 1101 officina
2476 1050 2729 1124 ‘Medion

495 1155 550 1205 p.
573 1147 624 1191 2.
646 1140 841 1191 Strabo
863 1139 957 1188 lib.
984 1151 1103 1188 xtv.
1129 1153 1181 1201 p.
1204 1140 1318 1186 645.
1339 1150 1430 1184 sua
1451 1141 1611 1184 aetate
1635 1132 1869 1183 floruisse
1892 1147 2010 1180 eum
2034 1130 2310 1194 significat.
2380 1147 2385 1152 ·

554 1221 841 1272 Heraclides
866 1220 1154 1270 Tarentinus
1192 1218 1433 1268 Medicus
1469 1216 1782 1280 Empiricus,
1820 1215 1992 1279 inquit
2028 1215 2232 1269 Celsus,
2272 1214 2320 1263 in
2346 1212 2514 1263 Proef.
2540 1213 2643 1262 lib.
2669 1226 2719 1262 ι.

488 1317 544 1367 p.
559 1308 581 1352 1
594 1336 609 1353 .
644 1302 855 1353 Librum
879 1302 993 1365 ejus
1011 1299 1293 1350 secundum
1309 1299 1614 1347 interiorum
1637 1297 1960 1346 curationum
1981 1296 2157 1345 laudat
2173 1296 2363 1343 Caelius
2379 1294 2720 1344 Aurelianus

492 1383 683 1434 Cliton.
708 1396 746 1432 ι.
764 1387 813 1433 4.
860 1382 1073 1431 Librum
1096 1378 1199 1444 περὶ
1226 1377 1411 1440 θηρίων,
1431 1380 1490 1427 de
1513 1378 1672 1434 Feris,
1692 1378 1922 1426 Galenus
1947 1385 2085 1425 tomo
2109 1389 2236 1426 ιιιι.
2258 1375 2323 1424 de
2343 1375 2622 1425 Antidotis
2647 1389 2721 1426 ιι.

488 1468 572 1514 14.
597 1467 782 1526 ρ.922.
847 1462 1030 1514 Libros
1055 1461 1121 1510 de
1144 1460 1494 1524 simplicibus,
1520 1460 1588 1508 de
1610 1458 1878 1509 Antidotis
1902 1458 1991 1507 lib.
2017 1471 2056 1508 ι.
2087 1456 2206 1521 Περὶ
2225 1457 2486 1507 σκευασίας
2515 1456 2604 1506 καὶ
2632 1459 2721 1508 δο-

487 1543 709 1606 κιμασίας
743 1541 1016 1606 φαρμάκων,
1057 1544 1115 1591 de
1140 1541 1506 1603 Prema-atione
1533 1544 1580 1588 et
1603 1539 1896 1589 Probatione
1919 1539 2389 1601 Medicamentorum,
2410 1537 2504 1588 lib.
2531 1552 2619 1590 vt.
2643 1540 2718 1589 de

482 1626 724 1690 Simplic.
747 1625 1121 1674 Medicameut.
1147 1623 1196 1674 in
1219 1622 1445 1671 Prooem.
1471 1636 1593 1685 pag.
1621 1625 1734 1671 144.
1757 1624 1859 1670 ὅτε.
2765 1625 2770 1632 “

553 1707 848 1770 Hermippus
878 1705 1192 1768 Smyrnaeus,
1223 1703 1372 1767 cujus
1404 1703 1726 1765 diligentiam
1762 1704 1815 1751 in
1851 1700 2228 1751 conscribenda
2263 1699 2485 1758 historia
2522 1701 2718 1750 laudat

486 1786 748 1850 Josephus
768 1793 952 1836 contra
980 1786 1253 1848 Apionem‚
1276 1785 1365 1834 lib.
1387 1798 1425 1834 ι.
1457 1785 1764 1836 Callimachi
1805 1783 2013 1833 auditor
2043 1781 2163 1839 fuit,
2196 1781 2335 1830 uude
2365 1788 2422 1831 et
2459 1780 2718 1831 Callima-

487 1867 635 1917 chius
660 1867 916 1918 Athenoeo
938 1867 1149 1930 dicitur,
1167 1866 1259 1916 lib.
1287 1880 1375 1916 ιιι.
1400 1881 1454 1931 p.
1479 1871 1562 1916 58.
1584 1874 1642 1917 et
1664 1867 1753 1916 lib.
1780 1880 1832 1915 v.
1859 1881 1909 1929 p.
1930 1868 2046 1918 213.
2078 1863 2292 1926 scripsit
2324 1863 2391 1912 de
2411 1863 2611 1926 Magis,
2651 1873 2716 1913 ut

490 1954 676 1998 auctor
698 1956 781 1998 est
816 1949 1021 1998 Plinius
1041 1960 1180 1998 ιιι.
1202 1951 1252 1996 2.
1284 1948 1434 2012 cujus
1476 1947 1652 2012 operis
1685 1947 1869 1996 librum
1912 1946 2133 2009 primum
2166 1944 2350 1994 laudat
2383 1943 2630 1993 Laertius
2654 1945 2712 1993 in

487 2028 721 2078 Prooem.
745 2045 795 2094 p.
817 2033 867 2080 8.
938 2030 1023 2079 De
1046 2029 1181 2078 Vitis
1206 2029 1496 2078 Illustrinm
1519 2030 1782 2090 Virorum,
1809 2029 1874 2077 de
1906 2026 2264 2090 Sapientibus,
2284 2025 2355 2074 «le
2380 2025 2713 2088 Pythagora,

485 2109 694 2174 aliaque
716 2126 833 2174 quae
854 2110 993 2160 idem
1013 2109 1417 2160 commemorat
1404 2125 1456 2159 ιιι
1479 2111 1718 2169 Thalete,
1744 2124 1796 2172 p.
1816 2113 1867 2158 8.
1891 2117 1945 2158 et
1968 2112 2048 2157 10.

551 2191 829 2241 Herodotus
867 2191 1324 2256 Halicarnasseus,
1363 2192 1451 2257 qui
1493 2192 1764 2241 historiam
1809 2205 1974 2253 suam,
2024 2203 2141 2255 quae
2194 2188 2422 2239 omnium
2464 2187 2709 2237 manibus

485 2273 696 2333 teritur,
721 2273 896 2322 Musas
919 2274 1204 2337 inscripsit.

560 2352 847 2416 Herophilus
885 2352 1131 2402 Medicus
1168 2352 1547 2403 Calchedonius
1585 2351 1707 2415 fuit,
1743 2352 1956 2416 equalis
1988 2350 2279 2413 Phalaridi,
2321 2364 2481 2415 quem
2521 2349 2715 2401 morbo

485 2432 815 2483 laborantem
839 2432 1058 2483 sanavit.
1126 2434 1426 2484 Subtilioris
1451 2442 1612 2484 sectae
1632 2433 1952 2484 conditorem
1977 2433 2212 2496 appellat
2235 2432 2443 2488 Plinius
2467 2445 2637 2482 ιινι.
2662 2437 2715 2481 6.

489 2513 702 2563 Librum
742 2514 856 2576 ejus
893 2513 1228 2563 Curationum
1271 2515 1492 2577 primum
1533 2515 1666 2564 citat
1707 2513 2020 2564 Aurelianus
2044 2527 2109 2563 ιι.
2133 2516 2214 2562 13.
2249 2519 2306 2562 et
2328 2527 2407 2563 tv.
2429 2516 2481 2561 8.
2514 2514 2709 2564 librum

485 2605 626 2654 eum,
648 2607 799 2657 quem
819 2594 885 2642 ad
918 2593 1172 2658 Hippocr.
1197 2596 1565 2657 prognosticon
1591 2596 1823 2658 scripsit.
1889 2594 2211 2646 Illustratam
2248 2592 2314 2643 ab
2350 2608 2415 2648 eo
2450 2595 2712 2644 anatomi-

487 2686 584 2722 cen
610 2673 840 2723 Galenus
865 2673 1081 2724 fatetur.
1148 2674 1508 2724 Mittebantur
1531 2674 1600 2723 ad
1627 2688 1744 2724 eum
1769 2675 1835 2723 ob
1859 2689 1973 2723 eam
1997 2687 2104 2726 rem
2128 2688 2160 2723 a
2184 2674 2393 2736 regibus
2415 2673 2708 2725 facinorosi

488 2766 518 2801 e
537 2766 769 2814 carcere,
793 2768 921 2818 quos
944 2755 1086 2804 vivos
1112 2756 1418 2816 dissecaret,
1440 2763 1500 2805 ut
1523 2763 1708 2806 auctor
1735 2762 1818 2805 est
1852 2756 2009 2805 Corn.
2047 2754 2230 2805 Celsus
2267 2755 2322 2803 in
2364 2755 2530 2806 Praef.
2552 2756 2644 2806 lib.
2665 2770 2707 2806 ι.

465 2897 471 2902 ᾗ
486 2848 542 2897 p.
563 2838 614 2883 2.
682 2833 886 2883 Idcirco
907 2834 1261 2884 Tertullianus
1283 2835 1350 2884 de
1374 2849 1456 2892 eo,
1476 2835 1544 2884 de
1575 2834 1785 2897 Anima,
1818 2849 1864 2884 c.
1891 2838 1973 2885 10.
2006 2849 2059 2898 p.
2077 2838 2198 2885 270.
2232 2841 2247 2862 ‘
2266 2833 2591 2898 Herophilus
2616 2837 2706 2885 ille

487 2913 741 2975 medicus,
766 2921 857 2962 aut
888 2914 1075 2977 lanius,
1112 2916 1198 2979 qui
1240 2922 1517 2970 sexcentos
1555 2915 1810 2980 exsecuit,
1845 2922 1904 2966 ut
1940 2921 2177 2966 naturam
2215 2922 2576 2968 scrutareturz
2614 2919 2706 2982 qui

493 2991 754 3043 hominem
780 2993 910 3057 odit,
928 3002 987 3043 ut
1009 2994 1221 3058 nosset,’
1245 2998 1345 3044 &c.

552 3076 800 3127 Hesiodus
821 3078 988 3128 Cuma
1011 3077 1222 3126 AEolidis
1246 3078 1440 3143 oppido
1464 3078 1728 3142 oriundus,
1749 3080 1888 3128 unde
1910 3079 2128 3129 Ascram
2149 3079 2367 3130 Boeotiae
2392 3082 2704 3143 translatus,

487 3154 736 3206 Ascraens
755 3164 904 3207 vates
928 3156 1100 3207 dictus
1125 3167 1226 3208 est.
1292 3158 1517 3223 Scripsit
1539 3158 1606 3209 de
1629 3159 1949 3224 Astrologia,
1972 3166 2109 3210 teste
2126 3161 2299 3210 Plinio
2321 3175 2501 3213 xvtu.
2520 3167 2608 3214 57.
2641 3171 2701 3212 et

485 3235 739 3286 Athenoeo
762 3238 852 3286 lib.
878 3252 959 3288 ιι.
998 3253 1050 3302 p.
1068 3242 1182 3289 491.
1249 3240 1317 3288 Et
1352 3254 1473 3289 vero
1497 3242 1609 3303 ejus
1642 3239 1820 3297 βίβλον
1852 3241 2082 3305 &orme
2113 3242 2293 3293 laudat
2331 3242 2703 3305 Jo.'1'zetzes,

486 3316 707 3366 Chiliad.
727 3331 827 3367 ιιι.
851 3319 992 3368 Hist.
1012 3323 1127 3368 399.
1152 3334 1228 3368 vs.
1255 3324 1365 3369 169.
1398 3328 1590 3383 praeter
1614 3321 1798 3370 librum
1818 3319 1970 3386 ἔργων
1990 3320 2113 3372 καὶ*
2087 3325 2270 3386 ημερῶν
2286 3336 2438 3387 quem
2463 3324 2600 3374 citat
2619 3340 2696 3374 vs.

487 3400 600 3447 174.
635 3400 821 3462 quique
845 3401 1069 3448 omnium
1108 3400 1343 3450 manibus
1368 3402 1578 3451 teritur.
1644 3403 1846 3453 Laudat
1883 3410 1940 3453 et
1958 3404 2156 3467 Theon,
2180 3412 2238 3454 ut
2270 3404 2469 3456 dicturi
2510 3420 2690 3455 snmus

486 3490 659 3528 xvnt.
680 3482 761 3528 57.
839 3480 1072 3529 Homero
1111 3483 1453 3543 posteriorem
1494 3482 1652 3532 fuisse
1690 3485 1866 3534 multis
1895 3486 2215 3548 argumentis
2251 3484 2474 3549 probare
2505 3487 2699 3537 nititur

486 3556 693 3607 Gellius
717 3571 806 3608 ιιι.
831 3563 911 3607 ll.
935 3573 986 3623 p.
1005 3563 1119 3610 240.
1184 3563 1395 3612 Tzetzes
1426 3565 1550 3613 totis
1572 3578 1720 3616 cccc.
1743 3566 1890 3615 annis
1922 3569 2270 3616 recentiorem
2309 3566 2442 3617 facit
2482 3567 2586 3618 loc.
2603 3571 2695 3618 cit.

484 3653 558 3688 vs.
583 3643 695 3690 109.
760 3639 1027 3704 AEqualem
1054 3640 1229 3704 fuisse,
1264 3658 1329 3693 ex
1353 3643 1567 3695 Arcturi
1601 3654 1807 3711 exortu,
1846 3661 1999 3711 quem
2041 3647 2140 3698 iste
2180 3648 2456 3704 describit,
2494 3651 2696 3699 eruditi

485 3722 618 3770 artis
640 3721 777 3772 illius
800 3723 1074 3785 colligunt,
1110 3730 1169 3772 ut
1201 3725 1274 3773 ait
1298 3725 1547 3776 Petavius
1571 3727 1622 3776 in
1648 3729 1858 3778 Ratiou.
1881 3729 2067 3793 Temp.
2091 3743 2131 3779 1.
2155 3731 2237 3780 12.
2305 3729 2519 3780 vixerit
2549 3738 2695 3781 uter-

482 3815 584 3865 quc
606 3802 766 3866 igitur
787 3803 933 3852 aunis
949 3804 1163 3855 circiter
1187 3813 1309 3855 ante
1335 3807 1599 3858 Christum
1618 3810 1791 3872 mille3
1823 3809 2024 3862 Judaeis
2046 3810 2324 3860 Salomone
2349 3817 2627 3871 regnante·

551 3881 781 3932 Hicesius
803 3883 1023 3933 Medicus
1058 3885 1459 3949 Erasistratens,
1483 3887 1739 3940 Athenaeo
1762 3891 1856 3939 lib.
1878 3905 1964 3940 ιιι.
2004 3906 2055 3953 p.
2077 3894 2161 3942 87.
2195 3905 2350 3955 quem
2370 3892 2511 3941 idem
2534 3894 2611 3942 ait
2633 3893 2691 3942 li-

485 3959 637 4010 brum
672 3963 943 4027 scripsisse
979 3963 1085 4028 περὶ
1110 3964 1226 4024 ὕλης
1245 3965 1476 4031 ἰατρικῆς,
1507 3971 1566 4018 de
1603 3970 1819 4019 Materia
1840 3969 2053 4027 Medica,
2090 3971 2179 4021 lib.
2204 3984 2305 4020 vu.
2342 3987 2397 4035 p.
2422 3975 2541 4024 294.
2610 3974 2691 4024 De

493 4039 787 4105 Unguentis,
807 4043 913 4107 περὶ
930 4042 1106 4107 μύρων,
1139 4046 1228 4096 lib.
1255 4060 1344 4097 xv.
1372 4063 1424 4111 p.
1444 4053 1561 4099 689.
1632 4051 1714 4099 De
1752 4050 1989 4100 Piscibus
2026 4050 2121 4100 lib.
2147 4064 2244 4100 vn.
2282 4053 2493 4114 passim.
2564 4054 2689 4104 Nou

484 4134 663 4184 parvae
704 4126 1028 4174 auctoritatis
1066 4126 1332 4175 Medicum
1366 4137 1520 4180 vocat
1550 4130 1749 4179 Plinius
1775 4144 1956 4181 xxvn.
1978 4135 2062 4181 14.
2123 4132 2204 4182 De
2245 4132 2539 4184 conditura
2561 4135 2690 4186 Vini

484 4200 753 4261 scripsisse
772 4202 965 4253 dicitur
988 4205 1038 4253 in
1062 4205 1246 4255 Indice
1269 4207 1359 4255 lib.
1384 4220 1477 4259 xv.

549 4280 760 4348 Hieron,
780 4283 967 4335 Siciliae
994 4286 1126 4350 Rex,
1143 4300 1295 4351 quem
1311 4288 1452 4340 inter
1473 4289 1759 4354 scriptores
1782 4290 1849 4343 de
1871 4290 2212 4357 Agricultura
2234 4301 2530 4347 memorant
2555 4295 2687 4347 Var-

2216 4479 2245 4508 ἱ
