3000 4917
492 378 668 445 «1958

498 537 622 600 quia
662 535 714 585 in
759 535 962 599 Campo
1002 533 1196 585 Martio
1230 534 1296 585 ad
1333 534 1561 585 honores

498 610 752 677 petendos
815 608 1232 675 deferendosque
1292 608 1561 660 destinato

495 688 665 737 coiret
688 687 930 750 populus.
961 686 1133 736 Doleo.

559 764 662 812 Pro
682 760 973 825 intumentia]
1006 763 1208 812 Seneca
1252 762 1483 824 Epistol.
1517 776 1558 811 ι.

493 844 543 889 3.
578 837 947 890 ‘candidatos'
987 852 1165 889 omnes
1204 839 1415 901 publico
1459 852 1555 888 no·

492 915 630 965 mine
671 914 833 965 bonos
876 914 1016 964 viros
1057 915 1313 980 appellari
1351 913 1554 966 scribit.

494 990 647 1041 Idem.

557 1067 621 1116 L.
652 1065 815 1129 Scipio
832 1064 1105 1129 Asiaticus]
1139 1067 1201 1117 L.
1226 1066 1409 1129 Scipio
1434 1064 1548 1115 Asi·

490 1142 659 1190 aticus
692 1139 897 1190 devicto
935 1140 1196 1191 Antiocho
1236 1140 1550 1208 repetunda-

490 1231 602 1267 rum
620 1225 913 1281 accusatus,
932 1231 1046 1267 cum
1060 1232 1092 1267 a
1112 1219 1337 1268 Senatus
1347 1219 1553 1283 judicio

488 1294 589 1344 sibi
606 1296 834 1353 timeret,
846 1293 1107 1345 Tribunos
1133 1294 1301 1358 plebis
1319 1291 1552 1360 appeila-

489 1372 587 1432 vit,
612 1369 819 1421 tametsi
848 1369 1161 1430 Gracchum,
1188 1370 1274 1435 qui
1300 1377 1407 1420 tum
1432 1384 1550 1420 eum

488 1445 843 1509 magistratum
872 1444 1104 1510 gerebat,
1139 1445 1547 1496 inimicissimum

486 1536 604 1572 esse
642 1521 744 1571 sibi
771 1528 1114 1583 cognosceret
1153 1535 1215 1571 ac
1257 1520 1548 1572 infensissi-

486 1615 641 1650 mum.
709 1600 826 1649 Nec
869 1612 965 1661 spe
998 1597 1157 1648 falsus
1196 1605 1294 1648 est.
1362 1599 1547 1649 Prohi-

485 1677 602 1728 buit
640 1676 776 1726 enim
816 1674 1088 1725 Gracchus
1122 1689 1186 1724 nc
1210 1675 1261 1725 in
1286 1688 1550 1726 carcerem

485 1759 539 1802 et
560 1751 763 1800 vincula
782 1752 1097 1800 traheretur.
1135 1752 1439 1814 Eutropius.

550 1829 630 1878 Nc
650 1827 765 1892 qaid
791 1826 965 1876 cestris
997 1828 1177 1889 putetis
1210 1832 1442 1877 cessatam
1462 1829 1546 1877 lto·

482 1904 577 1968 ris]
613 1904 849 1954 Noverat
888 1901 1089 1951 Plinius
1122 1918 1153 1952 a
1184 1903 1546 1967 Theophrasto

482 1981 680 2031 dictum
701 1978 878 2043 χρόνον
911 1975 1031 2028 εἶναι
1065 1977 1333 2030 πολυτελὲς
1360 1977 1544 2029 ἀνέλοι·

478 2072 579 2117 ματ
647 2062 906 2119 praeterca
964 2052 1179 2104 brevem
1234 2064 1544 2121 acutamque

477 2134 613 2183 hanc
647 2131 975 2188 sententiam,
996 2130 1157 2182 fuisse
1177 2131 1437 2182 hominum
1462 2148 1545 2183 sa·

476 2208 730 2272 pientum‚
782 2205 959 2271 χρόνον
998 2205 1184 2271 φείδου.
1270 2208 1544 2259 Victorius

481 2299 598 2348 cap.
624 2288 704 2334 19.
727 2288 807 2335 n.
833 2286 1002 2336 Dulce.

546 2363 669 2411 Cum
706 2363 977 2425 prasertim
1018 2376 1121 2411 sors
1148 2362 1252 2426 fiat
1287 2376 1351 2412 ex
1372 2359 1542 2424 usura]

480 2439 609 2489 Cum
628 2438 923 2502 praesertim
957 2436 1110 2487 libris
1131 2438 1316 2488 alienis
1343 2437 1541 2488 utendo

477 2528 579 2563 non
601 2514 764 2563 solum
802 2512 928 2562 nihil
962 2511 1112 2562 nobis
1146 2512 1416 2576 depereat,
1448 2519 1543 2562 aut

480 2589 775 2639 detrimenti
798 2587 1042 2652 accedat,
1075 2594 1135 2638 ut
1170 2587 1234 2637 iis
1273 2588 1361 2653 qui
1385 2602 1540 2651 pecu-

478 2667 615 2716 niam
662 2665 728 2715 ad
773 2678 978 2714 usuram
1008 2671 1065 2714 et
1095 2662 1263 2713 foenus
1304 2677 1536 2727 sumpse·

477 2749 621 2803 runt,
641 2741 732 2789 sed
758 2740 914 2789 etiam
949 2739 1083 2788 lucri
1115 2739 1334 2789 multum
1359 2737 1540 2805 adqui·

476 2823 633 2866 ratur.
675 2816 846 2864 Doleo.

539 2891 709 2941 Laetis
741 2888 1021 2952 gallinacei]

475 2982 561 3017 um
582 2965 598 2988 '
632 2966 698 3015 de
717 2979 913 3015 summa
935 2962 1197 3015 felicitate
1229 2966 1351 3015 olim
1385 2980 1534 3016 usur·

473 3043 713 3107 pabatur.
786 3040 975 3090 Strabo
1018 3038 1108 3089 lib.
1136 3052 1258 3092 xtv.
1290 3055 1402 3106 eos,
1443 3043 1535 3107 qni

473 3121 610 3170 Sami
666 3116 1064 3167 foecunditatem
1132 3114 1433 3187 iaudabant,
1480 3119 1532 3167 ei

473 3194 806 3261 proverbium
871 3191 1288 3243 accommodasse
1352 3192 1533 3260 tradit,

475 3274 577 3336 q'uo
600 3271 745 3321 aiunt
766 3267 930 3332 φέρειν
943 3266 1132 3331 ὀρνίθων
1143 3267 1293 3330 γάλα.
1327 3268 1484 3321 Idem.

536 3348 846 3411 JamMusae]
869 3347 1002 3396 Suos
1026 3347 1187 3396 libros
1206 3350 1222 3376 ‘
1236 3347 1417 3396 Musas
1437 3346 1453 3368 ’
1472 3354 1531 3398 et

471 3429 488 3453 ⁸
502 3423 667 3471 Prata
681 3421 696 3444 '
730 3430 935 3471 veteres
958 3422 1283 3485 inscripsisse
1302 3429 1529 3472 testatur

470 3498 627 3546 etiam
653 3496 772 3545 Aul.
791 3496 1015 3548 Gellius.
1047 3498 1203 3545 Idem.

547 3571 836 3636 πινακίδιον]
857 3569 1021 3636 Πίναξ,
1038 3573 1245 3621 navium
1265 3584 1525 3621 assamen

1071 2895 1087 2918 ⁸
1106 2890 1215 2939 Lac
1256 2890 1536 2953 gallinace-

1197 393 1414 443 NovAE
1459 392 1804 443 vamum]
1819 394 1868 442 Μ
1919 393 2002 442 ΙΝ

1632 540 1743 585 tum
1765 551 1783 587 ε
1815 535 1997 586 tabula
2017 540 2218 593 cerata.
2241 536 2492 600 pugillar,
2518 537 2572 584 in
2601 550 2705 601 quo

1633 610 1781 674 stylis
1811 612 2094 661 scribitur:
2135 626 2223 662 vas
2245 613 2328 662 cui
2354 613 2506 663 cibus
2529 628 2596 663 ac
2620 628 2708 677 po·

1631 692 1714 736 tus
1737 686 2054 750 imponitur:
2090 688 2265 752 operis
2289 689 2516 753 aiicujus
2552 697 2612 740 et
2649 690 2709 739 li-

1631 760 1713 811 bri
1739 761 1914 819 index,
1937 778 2038 828 qua
2055 762 2440 828 significatione
2450 767 2538 816 hic
2556 780 2703 815 usur·

1625 847 1797 902 patur.
1835 841 2201 891 Gaitlandinas.

1673 914 2002 981 finiumque]
2037 917 2114 967 Ut
2158 917 2382 980 Musica,
2425 917 2702 969 Gramma-

1626 991 1866 1056 tica,&c.
1891 994 2061 1043 Dulce.

1690 1068 1984 1118 Sesculixem
2020 1074 2069 1119 et
2092 1067 2392 1131 Flammas]
2450 1069 2699 1119 Fls-:cabu-

1624 1144 1697 1194 tao
1718 1150 1773 1193 et
1790 1143 2166 1209 Sesquialysseas
2197 1143 2393 1194 Nonius
2415 1144 2599 1194 multis
2622 1146 2700 1194 io·

1625 1217 1703 1268 cis
1724 1220 1872 1283 legit.
1896 1221 2051 1270 Idem.

1686 1294 1851 1359 Apion
1885 1296 2076 1359 quidem
2122 1294 2510 1357 Grammaticus]
2564 1301 2698 1354 mn·

1622 1369 1861 1435 multem,
1895 1372 1978 1421 vel
2016 1367 2370 1429 πλειστονίκης,
2392 1378 2450 1421 ct
2484 1371 2694 1420 πολυΐσ·

1620 1463 1733 1511 τωρ,
1755 1446 1895 1497 infra
1918 1460 2041 1497 xxx
2052 1460 2152 1497 vn.
2177 1452 2228 1496 ⁵.
2272 1447 2375 1503 ,Ut
2396 1447 2475 1496 ait
2495 1448 2696 1498 Seneca

1621 1522 1793 1587 Epist.
1852 1535 2092 1573 mxxxix.
2164 1528 2278 1573 tota
2350 1521 2694 1573 circumlatus

1623 1597 1838 1649 Graecia
1858 1597 1956 1648 sub
1989 1598 2050 1649 C.
2073 1598 2297 1648 Caesare.
2329 1599 2503 1648 Doleo.

1687 1675 1928 1725 Pendeuti
1969 1675 2112 1724 titulo
2155 1673 2479 1738 inscripsisse]
2514 1673 2694 1724 Dubio

1620 1758 1676 1801 et
1702 1751 1976 1818 ambiguo:
2015 1752 2099 1801 vel
2137 1751 2385 1814 pendulo,
2415 1763 2692 1816 suspenso,

1620 1826 1791 1878 affixo.
1828 1828 1980 1878 Idem.

1690 1906 1758 1955 Ut
1796 1904 1991 1968 Apelles
2011 1902 2254 1967 faciebat]
2289 1900 2430 1951 Vide
2468 1900 2690 1952 Politia·

1616 1995 1740 2031 num
1763 1995 1812 2031 c.
1836 1983 1918 2030 4⁷.
1938 1978 2147 2029 Miscei.
2171 1978 2324 2027 Idem.

1685 2055 2151 2119 Homeromastigas]
2185 2053 2323 2103 zoiti
2370 2052 2686 2103 Macedonis

1615 2130 1789 2197 poiitae
1813 2129 2282 2191 Homeromastigis
2306 2129 2446 2178 scitu
2470 2128 2687 2193 dignam

1615 2206 1885 2257 historiam
1907 2206 2028 2257 vide
2049 2205 2192 2270 apud
2209 2205 2513 2256 Vitruvium
2547 2206 2691 2255 Prae·

1614 2281 1708 2332 fat.
1730 2282 1825 2332 lib.
1851 2296 1954 2333 vn.
1988 2283 2144 2333 Idem.

1681 2357 1970 2421 Foeminass]
2039 2357 2310 2408 Leontium
2370 2359 2687 2409 meretricu-

1613 2433 1733 2484 lam.
1763 2435 1919 2487 [dens.

1678 2510 1946 2574 Suspendio
1986 2510 2205 2570 arboreus
2246 2459 2485 2573 eligendi]
2520 2512 2605 2562 De
2628 2524 2687 2561 re

1615 2586 1951 2637 vehementer
1985 2587 2214 2650 indigna,
2255 2600 2353 2637 nec
2389 2588 2500 2637 uilo
2525 2596 2688 2651 pacto

1616 2663 1900 2713 toleranda.
1970 2663 2106 2713 Vide
2150 2662 2353 2713 Erasini
2396 2664 2686 2715 chiliades.

1611 2738 1822 2787 Veteris
1858 2739 1988 2802 legis
2025 2739 2259 2790 carmine
2301 2739 2473 2789 arbor·
2498 2740 2685 2791 infelix

1612 2812 1888 2864 dicebatur
1908 2827 1939 2863 e
1957 2828 2061 2878 qua
2081 2813 2365 2878 suspendio
2386 2818 2685 2880 strangula-

1616 2895 1702 2939 tus
1723 2889 1916 2955 aliquis
1953 2889 2153 2939 fuisset.
2192 2890 2411 2955 Rhodig.
2445 2906 2493 2941 c.
2527 2897 2685 2943 7.10.

1682 3041 1807 3090 Cam
1824 3040 2030 3090 mortuis
2049 3055 2146 3090 m
2166 3040 2265 3092 nisi
2293 3043 2456 3091 larvas
2474 2993 2679 3107 lactari]

1615 3115 1772 3179 Apud
1819 3116 2039 3180 Rhodig.
2074 3130 2123 3167 c.
2144 3120 2227 3166 82.
2259 3121 2345 3168 21.
2386 3118 2683 3168 Philostra-

1614 3197 1696 3241 tus
1720 3191 1923 3240 AEiiano
1955 3191 2235 3255 Sophistae,
2266 3194 2459 3244 mortni
2491 3194 2682 3245 Ginai·

1609 3267 1689 3317 dis
1704 3267 2088 3318 accusationem
2112 3270 2343 3333 paranti,
2364 3272 2679 3322 miraturum

1610 3359 1666 3395 se
1688 3344 1823 3393 dixit
1844 3345 1888 3393 si
1916 3344 2089 3395 vivum
2113 3353 2429 3396 accusasset.
2453 3348 2625 3398 Delec-

1684 3418 1905 3469 Valerius
1927 3419 2163 3483 Soranus]
2197 3422 2262 3472 Q.
2287 3422 2470 3474 Valer.
2492 3424 2679 3488 dequo

1615 3496 1784 3545 Varro
1818 3494 1886 3544 de
1918 3496 2072 3558 Liug
2095 3496 2212 3547 Lat.
2235 3497 2326 3550 lib.
2350 3507 2679 3563 1t.etpost-

1612 3571 1712 3620 hac
1732 3583 1819 3620 111.
1834 3576 1885 3621 6.
1922 3571 2074 3621 Idem.

1292 3963 1629 4041 LIBER
1708 3966 1823 4039 11.

535 4100 670 4150 car.
693 4114 733 4149 1.
783 4101 865 4151 An
878 4103 1055 4168 finitas
1076 4105 1144 4154 sit
1164 4109 1386 4173 mandas,
1408 4113 1459 4159 et

887 4193 951 4227 aa
970 4195 1108 4229 naas.

531 4250 769 4301 Mundam
789 4256 837 4303 et
867 4251 953 4303 hoc
970 4256 1093 4317 qaod
1112 4256 1209 4306 alio
1227 4259 1414 4311 nemine
1434 4273 1524 4310 coe·

1605 4110 1718 4166 lasa,
1760 4108 1868 4173 ξω]
1924 4110 2049 4160 Duo
2093 4111 2291 4176 scripta
2330 4113 2679 4180 exemplaria,

1604 4186 1821 4240 alterum
1868 4187 2146 4236 semivetus
2179 4187 2516 4241 bibliothecae
2555 4192 2670 4241 Sal·

1605 4261 1938 4313 nanticensis
1962 4260 2281 4330 Academia,
2317 4265 2547 4332 alterum
2578 4280 2668 4317 an-
