3000 4917
424 335 601 401 4806
1158 350 1224 400 c.
1273 349 1512 398 rursu
1561 348 1887 398 saeuum

429 495 476 560 J
479 497 613 560 uba
642 498 879 560 auctor
905 499 1029 571 est,
1053 500 1124 558 et
1150 495 1218 559 in
1251 494 1538 578 quadam
1569 493 1793 559 insula
1815 494 2029 559 Rubri
2053 495 2440 568 marisante
2464 492 2638 561 Ara-z

429 598 612 661 biam
646 598 775 661 sita
795 597 1011 674 nasci,
1037 617 1186 680 quae
1218 595 1529 660 Necron⁴
1561 603 1887 673 vocetur,¹¹
1917 602 1983 660 et
2006 598 2073 660 in
2095 617 2198 674 ea,
2220 617 2373 681 quae
2396 596 2646 678 juxtas

431 719 765 781 gemmam
795 699 1104 782 topazion
1134 698 1353 776 serat‚⁵
1381 696 1876 782 cubitalemque
1898 706 1925 745 Ρ
1964 697 2276 762 effossam
2308 718 2350 760 a
2382 697 2635 781 Pytha-

431 784 596 882 gora
620 800 970 866 Ptolemaei
998 801 1170 882 regis
1201 799 1555 883 praefecto.
1644 799 1991 883 Cornelius
2023 796 2427 864 Bocchus⁶q
2463 803 2533 862 et
2566 798 2640 862 in

434 901 793 966 Lusitania
832 903 1026 965 nasci
1070 921 1387 986 perquam
1431 900 1714 984 mirandi
1755 900 2069 983 ponderis
2109 898 2640 964 Ammaensibus

426 1003 712 1087 jugis,⁷r
753 1003 1088 1086 depressis
1132 1005 1217 1069 ad
1267 1005 1738 1069 libramentum
1774 1011 2013 1088 aquae⁸
2044 1004 2289 1087 puteis.
2380 1002 2669 1097 Mirum·

434 1109 503 1170 et
546 1107 727 1189 quod
773 1102 1198 1171 Xenocrates
1228 1106 1428 1170 tradit
1459 1105 1813 1188 Ephesius,
1846 1113 2068 1170 aratro
2097 1107 2168 1170 in
2196 1103 2375 1169 Asia
2410 1110 2481 1168 et
2511 1103 2642 1187 Cy-

435 1226 560 1291 pro
608 1209 907 1273 excitari.
996 1206 1158 1272 Non
1204 1207 1379 1271 enim
1417 1207 1696 1272 inveniri
1733 1208 1802 1270 in
1833 1213 2118 1283 terreno,
2147 1226 2267 1270 neo
2297 1207 2431 1269 nisi
2475 1206 2644 1269 inter

439 1313 670 1374 cautes
720 1310 1042 1375 creditum
1090 1311 1326 1376 fuerat.
1444 1309 1748 1374 Similius
1800 1328 1960 1374 vero
2013 1308 2167 1386 est‚⁸
2220 1308 2406 1392 quod
2457 1305 2642 1371 idem

441 1408 873 1477 Xenocrates
915 1410 1138 1490 tradit,
1190 1411 1591 1475 torrentibus
1643 1429 1830 1494 saepe
1877 1408 2242 1492 deportari.
2349 1407 2643 1472 Sudines

439 1526 596 1576 vero
625 1520 826 1595 negat
852 1513 984 1578 nisi
1014 1513 1101 1578 ad
1127 1513 1466 1577 meridiem
1495 1510 1956 1595 spectantibus
1987 1512 2157 1576 locis
2186 1512 2417 1574 nasci:
2464 1509 2647 1592 quod

443 1619 702 1678 certum
748 1621 885 1704 est:
932 1635 1067 1678 non
1106 1615 1276 1679 enim
1319 1616 1634 1697 reperitur
1676 1615 1746 1679 in
1791 1614 2099 1696 aquosiS,
2144 1631 2530 1697 quanquam
2575 1612 2647 1675 in

442 1715 711 1795 regione
755 1701 1135 1800 prae'gelida,
1164 1716 1273 1779 vel
1318 1716 1378 1779 si
1417 1715 1503 1779 ad
1534 1714 1709 1778 vada
1738 1733 1949 1797 usque
1979 1715 2349 1796 glacientur
2387 1731 2649 1776 amnes.

448 1814 731 1880 Coelesti
773 1817 1073 1892 humore,
1105 1837 1449 1903 parvaque
1496 1818 1664 1882 nive.
1693 1816 1764 1880 id
1807 1816 1951 1880 fieri
1991 1834 2266 1879 necesse
2309 1822 2454 1878 est:
2497 1814 2650 1878 ideo

449 1917 697 1982 caloris
727 1918 1111 2002 impatienS,
1142 1920 1410 1984 nonnisi
1437 1918 1679 2000 frigido
1698 1917 1717 1953 ²
1743 1918 1938 2000 potui
1961 1917 2338 1982 addicitur.⁹
2414 1914 2649 1994 Quare

449 2021 836 2102 sexangulis
866 2027 1179 2086 nascatur
1207 2022 1558 2099 lateribuS‚
1579 2040 1709 2085 non
1731 2019 1937 2083 facile
1956 2020 2129 2084 ratio
2146 2026 2175 2053 ¹²
2206 2019 2482 2081 inveniri
2501 2022 2650 2100 pot-

450 2125 592 2185 est:
618 2128 722 2186 'eo
766 2124 1027 2206 magisv
1070 2122 1257 2207 quod
1299 2143 1515 2206 neque
1558 2122 1899 2187 mucronis
1939 2121 2175 2186 eadem
2206 2119 2478 2202 species
2517 2124 2652 2196 est,

1362 2286 1732 2309 OOOONNOOOO

455 2404 488 2449 4
522 2401 607 2451 Ita
645 2401 799 2451 codd.
833 2401 1093 2453 Harduini
1116 2408 1170 2452 et
1193 2403 1380 2453 Dalec.
1410 2416 1527 2451 cum
1551 2400 1671 2450 edd.
1691 2401 1951 2452 Harduiu.
1974 2406 2031 2450 et
2054 2404 2282 2449 recenti.
2330 2399 2499 2455 Neron
2519 2397 2660 2449 Gro-

456 2479 578 2514 nov.
603 2475 655 2514 et
681 2468 854 2543 vulgg.
889 2469 985 2516 τῶν
1005 2471 1176 2532 νεκρῶν
1197 2481 1369 2529 margo
1390 2466 1511 2515 edd.
1534 2466 1715 2515 Dalec.
1740 2475 1794 2516 et
1818 2466 2142 2515 Omnem—5
2167 2464 2297 2513 Cod.
2319 2465 2510 2512 Dalec.
2530 2465 2663 2523 sert.

458 2535 558 2578 -6
595 2532 841 2581 Cornelius
880 2533 1043 2595 Nepos
1074 2533 1193 2581 dicit
1230 2535 1346 2582 cod.
1381 2533 1661 2581 Dalec.—⁷
1708 2531 1794 2580 Ita
1830 2529 2085 2580 Harduin.
2110 2533 2157 2577 1.
2178 2533 2226 2577 2.
2249 2533 2297 2577 3.
2338 2535 2393 2576 et
2432 2536 2660 2576 ret-emt.

459 2594 704 2643 immensis
723 2596 863 2657 jugis
886 2596 1117 2646 Gronov.
1139 2604 1193 2646 et
1216 2598 1389 2659 vulgg.
1441 2599 1457 2624 ‘
1484 2597 1548 2644 ln
1577 2594 1729 2643 codd.
1754 2597 1920 2657 Regg.
1944 2599 1991 2643 3.
2013 2600 2062 2644 5.
2083 2598 2133 2643 6.
2164 2592 2470 2642 Διιπεπείῡιιε
2485 2590 2661 2653 jugis?

462 2659 792 2708 Erotion—8
828 2660 957 2710 Cod.
985 2663 1165 2710 Dalec.
1198 2662 1298 2710 reri
1328 2666 1432 2718 at,-
1466 2667 1523 2709 et
1553 2674 1671 2707 mox
1706 2661 1757 2707 in
1793 2662 1994 2717 eodem,
2030 2674 2061 2708 a
2095 2657 2499 2706 torrentibus—9
2531 2655 2663 2705 Cod.

462 2723 645 2771 Dalec.
665 2739 759 2772 uon
778 2724 875 2772 nisi
885 2723 1080 2785 frigido
1098 2731 1212 2788 potu
1233 2727 1461 2787 adjicitur
1471 2741 1494 2785 ‚·
1515 2725 1640 2773 Vet.
1658 2725 1838 2774 Dalec.
1859 2724 2103 2773 addicitur
2114 2738 2135 2780 ,-
2156 2721 2392 2772 Gronov.
2410 2729 2469 2771 et
2486 2720 2662 2784 vulgg.

460 2786 559 2835 nisi
578 2787 632 2836 in
652 2787 848 2850 frigido
875 2794 991 2851 potu
1014 2789 1279 2839 abdicatur.

1450 2902 1666 2953 NOTAE

528 3005 555 3031 ¹²
611 2999 733 3056 Quoe
772 2999 961 3049 Necron
992 3002 1206 3064 caedar]
1259 3001 1347 3051 Sic
1383 3002 1514 3050 Mss.
1598 2999 1770 3064 puteis
1790 2999 2008 3049 defossis
2032 2999 2150 3049 inde
2172 2997 2415 3049 erutam.’

466 3087 663 3134 omnes,
692 3075 818 3137 Reg.
840 3080 889 3125 2.
918 3076 1065 3126 Colb.
1088 3082 1136 3126 3.
1161 3085 1307 3126 vetus
1328 3079 1516 3127 Dalec.

466 3153 567 3201 διο.
588 3154 692 3200 Τῶν
698 3154 871 3215 νεκρῶν
882 3153 1064 3217 insula,
1077 3147 1412 3218 Necronnesos,
1422 3155 1518 3202 hoc

466 3233 568 3287 est,
581 3233 896 3277 mortuorum:
915 3236 973 3277 ut
990 3229 1412 3293 Macaronuesos,
1423 3232 1520 3278 τῶν

467 3301 702 3364 μακάρων.
742 3304 883 3353 Libri
899 3307 1046 3365 editi,
1060 3308 1246 3368 Neron,
1258 3307 1520 3357 mendose.

532 3385 556 3410 ⁰
579 3379 646 3426 Et
668 3379 720 3426 in
736 3395 807 3435 eu,
829 3380 1115 3445 quaejuxtu]
1142 3384 1221 3433 De
1238 3382 1335 3432 bac
1354 3383 1524 3432 insula

469 3450 667 3501 dictum
687 3462 766 3502 est
790 3469 870 3505 vr.
888 3459 968 3506 34.

532 3536 558 3569 1³
594 3528 968 3594 Cubitulemque]
1002 3533 1332 3596 crystallum.

536 3612 561 3646 ¹¹
600 3606 846 3656 Cornelius
869 3608 1110 3672 Bocchus]
1150 3608 1409 3659 Laudatur
1440 3610 1526 3660 hic

469 3700 591 3739 saue
623 3686 676 3734 in
716 3684 900 3733 Indice
939 3685 1088 3748 hujus
1124 3685 1260 3746 libri,
1298 3700 1364 3735 ex
1399 3687 1528 3737 Mss.

474 3761 729 3812 omnibus.
789 3762 912 3810 >Hoc
934 3762 1045 3811 loco
1070 3768 1240 3811 tamen
1266 3762 1419 3812 iidem
1442 3776 1528 3811 co-

478 3839 641 3900 dices,
696 3852 797 3887 nou
832 3838 1066 3895 Bocchus.
1107 3836 1197 3886 sed
1242 3840 1402 3902 Nepos
1439 3841 1530 3889 ha-

476 3912 639 3962 bentz
674 3914 931 3963 mendose.
997 3913 1131 3963 Nam
1174 3915 1287 3977 ipse
1328 3916 1529 3965 Plinius

476 3989 576 4039 boc
615 3989 781 4052 ipsum
817 3995 1056 4054 repetens
1077 3988 1289 4039 iuferius
1309 4006 1424 4054 cap.
1447 3996 1531 4041 43.

479 4071 495 4095 ·
525 4063 799 4126 Bocchus,’
832 4065 1015 4130 iuquit,
1043 4067 1059 4094 ⁴
1084 4074 1263 4116 auctor
1286 4074 1386 4131 est,
1406 4077 1463 4117 et
1480 4070 1535 4117 iu
1566 4110 1571 4121 .

484 4139 740 4201 Hispania
770 4151 1022 4205 repertas,
1056 4144 1232 4207 quoin
1256 4144 1371 4194 loco
1394 4159 1534 4208 crys—

1662 3083 1683 3108 r
1703 3075 2228 3139 Ammaiinsibusjugis]
2258 3074 2395 3123 vide
2416 3074 2588 3125 Notas
2608 3082 2666 3126 et

1599 3151 1820 3200 Emend.
1842 3165 1979 3201 uum.
2000 3157 2048 3200 5.

1662 3236 1681 3260 ⁸
1714 3227 1795 3277 Ad
1832 3227 2161 3278 libramentum
2205 3224 2366 3288 σφωε]
2399 3226 2505 3276 Ubi
2534 3224 2668 3278 fodi-

1603 3310 1761 3353 untur
1800 3303 2006 3353 scrobes
2050 3316 2141 3352 seu
2178 3302 2323 3366 putei
2360 3301 2426 3351 ad
2474 3302 2668 3353 duceu-

1603 3379 1720 3428 dam
1761 3393 1826 3428 ex
1864 3378 2171 3428 libramento
2196 3391 2401 3440 aquam.
2468 3378 2549 3428 De
2570 3379 2667 3429 bac

1603 3472 1732 3507 voce
1756 3457 1978 3505 diximus
2001 3467 2167 3504 xxxi.
2193 3459 2275 3505 31.

1669 3535 1687 3566 ῑ
1719 3532 1927 3582 Nonnisi
1951 3530 2169 3595 frig-ido]
2217 3528 2352 3580 Vide
2401 3530 2573 3580 Notas
2614 3537 2673 3580 et

1606 3612 1825 3663 Emend.
1848 3625 1987 3660 num.
2006 3614 2058 3659 6.

1672 3696 1696 3722 ¹¹
1730 3685 2003 3745 Nonsueile
2022 3684 2173 3748 ratio]
2199 3683 2481 3747 Assignare
2497 3691 2674 3735 tamen

1610 3762 1876 3812 Cardanus
1920 3767 2002 3809 est
2043 3773 2215 3820 ausus,
2253 3772 2405 3822 quem
2442 3759 2512 3808 ob
2556 3774 2673 3810 eam

1612 3854 1719 3889 rem
1743 3836 1979 3900 Scaliger
2000 3835 2248 3898 exagitat,
2273 3835 2504 3884 Exercit.
2524 3840 2644 3886 118.

1676 3922 1700 3947 v
1735 3914 1808 3961 Εο
1828 3909 2003 3973 magis]
2018 3910 2329 3958 Macronum
2351 3910 2562 3972 quidem
2581 3925 2676 3960 nu·

1614 4004 1810 4040 merum
1866 3992 2042 4038 servat
2095 3992 2283 4034 natura
2334 3983 2623 4047 diligenter
2652 4003 2670 4035 ε

1613 4065 1858 4131 speciem,
1881 4064 1990 4113 sive
2022 4060 2259 4117 formam.
2293 4074 2353 4109 ac
2383 4061 2676 4122 similitudi·

1613 4156 1750 4204 nem,
1775 4154 1875 4190 nou
1897 4139 2039 4189 item.
2097 4137 2149 4187 N
2154 4136 2271 4188 icol.
2293 4137 2510 4203 Chorier
2531 4138 2680 4188 Hist.

519 4216 699 4265 talium
738 4215 866 4266 dicit
914 4219 976 4267 ad
1020 4217 1384 4269 libramentum
1423 4235 1572 4285 aquae
1612 4218 1803 4284 Delpb.
1823 4216 1914 4268 lib.
1938 4229 1978 4268 1.
2011 4229 2127 4282 pag.
2149 4218 2234 4266 72.
2269 4220 2452 4266 auctor
2482 4221 2583 4280 est,
2619 4215 2677 4266 in
