3000 4917
483 407 658 481 4998

484 588 586 623 non
611 579 669 622 ut
695 573 946 636 aqualem
971 570 1161 622 inclitis
1199 571 1549 637 praecellenti·

486 650 704 715 busque,
734 649 825 699 sed
854 650 959 700 situ
976 651 1220 713 pessimo.
1249 647 1553 711 languidam

484 725 761 775 ardoribus
799 724 921 780 suis.
955 725 1008 773 in
1050 732 1287 774 extremo
1308 724 1548 787 positam,

487 801 553 851 ab
591 801 798 865 optimis
830 808 1105 862 secarunt;
1138 814 1242 852 non
1278 801 1547 849 divisionis

486 879 693 933 merito,
710 877 801 926 sed
825 879 903 927 sic
923 887 982 929 ut
1004 879 1167 928 incisa
1182 879 1285 927 suis
1300 876 1547 928 fluctibus

483 954 805 1005 invenitur!⁸
864 954 929 1004 Id
972 954 1109 1020 quod
1153 962 1334 1019 postea
1378 971 1429 1019 p.
1462 958 1545 1005 32.

487 1031 819 1095 paucioribus
854 1031 1005 1094 paulo
1038 1031 1212 1081 verbis
1248 1032 1458 1095 repetit,
1490 1038 1548 1080 et

489 1123 541 1172 p.
561 1112 643 1158 62.
711 1108 912 1158 Simler.
932 1123 1139 1173 quoque
1160 1109 1288 1158 alios
1309 1115 1546 1157 auctores

487 1184 741 1247 dilaudat,
777 1185 961 1250 quibus
996 1186 1219 1235 addatur
1256 1193 1324 1234 et*
1350 1186 1549 1234 Auson.

487 1263 586 1325 Ep.
609 1274 774 1315 xvm.
820 1263 1024 1312 Revera
1047 1269 1220 1312 autem
1244 1276 1352 1311 rem
1376 1262 1547 1325 aliter,

486 1338 656 1403 quoad
694 1353 901 1388 caussas
938 1338 1005 1388 ab
1040 1338 1246 1388 AEtbico
1273 1337 1547 1399 adductas,

487 1429 603 1464 sese
640 1414 831 1464 babere
869 1422 1061 1464 norunt
1099 1416 1290 1479 partim
1335 1413 1548 1475 eruditi,

488 1491 575 1554 qui
621 1491 672 1539 id
720 1505 870 1540 omne
911 1505 976 1539 ex
1017 1491 1547 1555 bominum·pendere

488 1566 704 1616 arbitrio
727 1568 917 1628 sciunt,
958 1568 1151 1632 partim
1184 1583 1306 1617 vero
1333 1568 1419 1632 qui
1458 1569 1547 1616 lio·

488 1643 667 1691 dierna
707 1642 793 1692 die
840 1652 1217 1707 parentumque
1257 1652 1547 1693 nostrorum

490 1721 732 1770 memoria
755 1721 931 1770 orbem
958 1731 1209 1771 terrarum
1233 1722 1332 1785 ipsi
1361 1723 1547 1771 lustra-

489 1811 632 1850 vere,
653 1798 980 1861 certioraque
1004 1799 1207 1862 experti
1231 1805 1370 1847 sunt.
1404 1817 1408 1826 ·
1430 1799 1549 1850 Qua

488 1872 555 1920 de
579 1886 634 1921 re
662 1887 779 1922 curn
820 1874 1189 1938 primis,·quod
1231 1875 1331 1923 buc
1366 1874 1547 1937 faciat,

486 1950 593 1999 Leo
646 1947 777 1998 Afer
821 1951 874 1998 in
919 1949 1275 2013 descriptione
1326 1948 1547 2012 Africae,

486 2027 769 2090 caeterique
807 2026 1179 2088 cosmographi
1214 2027 1545 2076 recentiores.

484 2102 757 2152 Sallustius
795 2103 847 2150 in
879 2101 1128 2166 Jugurtb.
1165 2102 1184 2131 ⁴
1205 2101 1270 2150 In
1294 2101 1547 2152 divisione

486 2178 626 2227 orbis
663 2185 817 2227 terroe
850 2178 1086 2242 plerique
1126 2177 1177 2227 in
1204 2186 1354 2241 parte
1393 2180 1550 2228 tertia

484 2252 717 2304 Africam
742 2268 981 2319 posuere,
1006 2254 1157 2319 pauci
1190 2255 1549 2305 tantummodo

486 2330 667 2380 Asiam
713 2339 768 2381 et
809 2333 1070 2395 Europam
1104 2345 1218 2381 esse
1238 2341 1262 2381 z·
1288 2330 1380 2381 sed
1408 2330 1547 2381 Afri·

486 2422 599 2457 cam
624 2409 674 2456 in
699 2407 944 2469 Europal-
971 2407 1141 2460 Doleo.
1221 2431 1226 2438 ·

519 2509 526 2518 ·
556 2485 768 2540 Quorum
796 2483 980 2547 prims
1011 2498 1042 2533 a
1083 2483 1230 2546 Calpe
1266 2482 1548 2548 Hispanias]

484 2559 700 2609 Scribe:
738 2560 949 2615 Quorum
978 2560 1161 2622 primus
1187 2573 1218 2608 a
1239 2559 1405 2621 -Calpc
1425 2559 1551 2608 His-

477 2635 640 2699 panioe
669 2636 849 2685 extimo
878 2641 1059 2697 monte,
1078 2635 1274 2697 Locros,
1295 2636 1551 2685 Brinniana

480 2727 626 2775 usqae
669 2713 1041 2774 promontorium
1094 2711 1318 2761 immeno
1366 2712 1551 2761 ambitu

485 2791 806 2852 amplectitur.
834 2790 1055 2838 Salmas.
1081 2804 1132 2852 p.
1156 2792 1238 2838 8³.

546 2866 762 2915 Jaridici
793 2871 1044 2915 moestus
1071 2865 1118 2914 ei
1146 2864 1372 2928 quatuor]
1403 2866 1548 2915 Mar·

483 2941 661 2991 cianus
704 2940 833 2990 duos
877 2941 1102 3004 assignat
1148 2940 1368 2989 Baetioae
1413 2940 1549 2990 dun-

485 3024 636 3068 taxat
681 3024 993 3079 conveutus,
1047 3016 1432 3068 Cordubensem
1488 3026 1548 3069 et

484 3093 824 3144 Gaditanum.
892 3093 1190 3158 Mirumque
1213 3094 1355 3150 milii,
1377 3108 1470 3144 cur
1491 3094 1545 3142 in

482 3170 582 3219 hac
628 3169 910 3219 traditione
943 3178 1050 3218 tam
1087 3169 1322 3219 diversus
1359 3169 1550 3220 abierit

486 3261 518 3295 a
540 3249 633 3295 su'o
662 3247 854 3304 Plinio,
878 3261 908 3293 a
930 3259 1034 3308 quo
1065 3246 1118 3295 iu
1151 3246 1356 3295 ceteris
1378 3260 1546 3310 neque

484 3324 665 3378 latum,
703 3328 765 3371 ut
802 3321 970 3384 aiunt,
1012 3336 1236 3386 unguem
1275 3322 1546 3374 discedere

484 3400 639 3447 solet.
674 3397 898 3446 Pintian.

554 3472 743 3536 Oppida
762 3471 917 3519 omnia
936 3485 1127 3520 uanior-o
1153 3472 1299 3522 CLX
1302 3471 1360 3521 X
1367 3472 1450 3536 V.]
1474 3475 1546 3524 Et

486 3551 639 3615 paulo
663 3555 800 3611 post,
813 3548 998 3607 foedere
1015 3548 1092 3597 ΙΙ.
1141 3549 1548 3609 Scribezsoedere

483 3628 624 3677 IIII.
635 3642 700 3675 ex
718 3626 1004 3689 exemplari
1024 3625 1191 3677 Tolet.
1206 3626 1395 3676 eximie
1417 3645 1428 3674 ε
1454 3643 1544 3678 ne·

487 3719 588 3769 qne
624 3703 761 3762 enim
793 3700 1063 3752 inferiores
1099 3703 1298 3752 numeri
1334 3705 1545 3755 collecti

485 3780 764 3831 redderent
788 3780 940 3829 aliter
968 3779 1271 3843 proedictam
1294 3794 1542 3832 summam

485 3861 601 3907 275.
636 3857 858 3906 Pintiaa.

534 3933 677 3982 Latio
685 3931 952 3995 antiquitas
961 3933 1138 3981 donata
1148 3932 1209 3981 X
1207 3932 1266 3981 X
1268 3932 1298 3981 Ῑ
1296 3934 1355 3983 Χ
1355 3931 1391 3995 .]
1403 3933 1544 3985 Quo·

483 4009 621 4057 niam
662 4009 758 4058 bac
792 4016 906 4057 tota
934 4007 1271 4071 Geograpbia
1292 4008 1542 4074 frequens

484 4083 682 4133 mentio
704 4083 766 4132 fit
779 4084 916 4147 juris
934 4084 1091 4145 Latii,
1110 4099 1171 4134 ac
1187 4086 1541 4152 Municipalis,

484 4160 823 4219 coloniarum,
855 4160 1177 4222 oppidorum,
1199 4176 1312 4224 quae
1343 4163 1541 4228 stipen-

484 4235 649 4286 diaria
672 4233 880 4294 fuerunt
903 4241 959 4284 et
980 4250 1096 4299 qum
1134 4236 1397 4300 immunia,
1416 4255 1541 4302 gen-

486 4313 634 4374 tium,
665 4324 779 4375 quae
807 4310 1050 4374 ,Romana
1081 4311 1294 4362 civitate
1334 4315 1541 4368 donatas

1184 426 1396 477 No'l‘AE
1446 425 1854 477 VARtORUM
1908 426 1987 476 IN

1625 570 1747 633 sint,
1788 570 2144 620 Alexandrum
2186 570 2251 620 ab
2290 570 2448 619 Alex.
2492 579 2573 618 ιν.
2618 571 2699 633 19.

1624 648 1991 697 consulendum
2017 656 2165 710 puto,
2189 646 2277 712 qui
2298 661 2361 696 ea
2379 647 2556 695 omnia
2580 645 2697 697 dili-

1625 731 1811 788 genter
1849 732 2197 789 persequutus
2234 733 2334 773 est.
2410 725 2512 775 Jus
2555 721 2698 772 Latii

1623 801 1819 851 levatio
1856 802 2157 852 censitionis
2191 800 2308 859 fuit,
2341 806 2401 850 ut
2438 800 2579 849 idem
2607 800 2696 863 jus

1625 879 1990 940 experirentur
2026 878 2079 928 in
2106 878 2393 928 censitione
2416 876 2557 940 quod
2583 875 2697 923 Ita·

1622 954 1740 1004 licae
1775 956 2008 1011 colonia»,
2049 969 2110 1004 ac
2151 962 2408 1017 praeterea
2442 953 2493 1001 in
2529 950 2694 1001 tradi·

1600 1032 1849 1084 ‘tionibus
1891 1032 2017 1088 nixi,
2061 1030 2481 1093 usucapionibus,
2515 1027 2696 1077 annali

1625 1112 1954 1174 exceptione,
1981 1110 2104 1173 jure
2127 1107 2393 1173 capiendi.
2438 1105 2695 1155 Immani-

1625 1192 1706 1235 tas
1730 1201 1852 1236 vero
1874 1195 1995 1236 'cum
2019 1199 2115 1235 nec
2135 1191 2229 1247 pr'o
2253 1182 2449 1246 capite,
2473 1195 2575 1229 nec
2598 1191 2693 1243 pro

1624 1264 1734 1312 solo
1763 1263 2012 1312 tributum
2049 1260 2365 1325 pendebant.
2432 1257 2698 1306 Videatur

1623 1339 1836 1402 Onupb.
1857 1339 2077 1389 Panvin.
2100 1338 2296 1399 Imper.
2320 1336 2470 1384 Rom.
2491 1343 2549 1383 et
2571 1332 2698 1383 Car.

1623 1416 1798 1478 Sigon.
1822 1414 1888 1464 de
1915 1413 2094 1477 Autiq.
2114 1413 2227 1464 Jur.
2266 1411 2438 1460 Dalec.

1689 1492 1868 1540 Lusum
1899 1489 2024 1540 enim
2054 1488 2223 1538 Liberi
2253 1487 2408 1551 patris
2429 1503 2488 1536 ac
2511 1487 2699 1551 Lysans

1621 1583 1728 1627 cant
1753 1582 1804 1616 eo
1838 1566 2181 1624 bacchantium,
2208 1565 2317 1629 ξω]
2362 1563 2570 1625 Scribe,
2606 1568 2700 1612 aut

1623 1643 1800 1708 Lysam
1834 1658 1940 1692 cum
1975 1657 2029 1691 eo
2066 1642 2380 1691 bacchantem.
2446 1640 2699 1690 'Marcia-

1624 1736 1751 1771 nus:
1789 1723 1804 1749 ⁴
1827 1719 1961 1781 Cui,'
1996 1720 2181 1784 inquit,
2201 1724 2216 1746 ⁸
2234 1733 2419 1768 nomeu
2444 1716 2641 1768 fabulae
2666 1733 2700 1766 a

1623 1797 1732 1845 lusu
1757 1795 1931 1845 Liberi
1970 1796 2152 1858 patris,
2191 1795 2273 1843 vel
2311 1795 2427 1842 cum
2464 1808 2527 1843 eo
2570 1794 2696 1844 buc·

1623 1874 1885 1923 clientium
1929 1870 2182 1921 sociavit!
2269 1870 2475 1920 Faveut
2525 1871 2696 1920 etiam

1623 1950 1772 2000 ambo
1812 1949 2143 2011 exemplaria.
2197 1948 2422 1997 Pintian.
2500 1948 2699 1997 Lmns

1621 2028 1748 2077 asim
1785 2025 1952 2076 Liberi
1990 2025 2181 2089 patris‚·
2208 2041 2267 2073 ac
2306 2024 2532 2089 Lyssarn,
2578 2022 2699 2087 qm]

1625 2105 1767 2155 Nota
1791 2110 1874 2152 est
1907 2115 1974 2150 ex
2005 2101 2173 2166 poetis
2195 2103 2336 2164 lyssa,
2356 2101 2453 2150 hoc
2477 2106 2582 2163 est,
2609 2115 2699 2149 ra-

1623 2180 1754 2237 bies,
1785 2179 2081 2229 Maenadum
2105 2177 2301 2227 Bacchi
2324 2178 2576 2226 comitum
2599 2176 2699 2225 ob-

1625 2258 1734 2306 vios
1768 2257 1948 2321 thyrso
1980 2254 2298 2314 ferientium,
2330 2261 2384 2302 et
2405 2267 2568 2302 canes
2597 2266 2695 2317 pe-

1624 2332 1886 2397 cudesque
1947 2330 2385 2394 discerpentium:
2443 2328 2511 2377 de
2588 2334 2696 2392 qua

1622 2409 1784 2459 illud:
1818 2408 1837 2437 ⁴
1860 2409 1931 2458 Et
1971 2415 2171 2457 torvum
2204 2406 2367 2455 vitulo
2400 2413 2569 2470 capnt
2601 2406 2705 2455 ab?

1622 2488 1791 2536 latura
1827 2485 2053 2549 superbo
2076 2483 2330 2544 Bassaris,
2374 2490 2428 2531 et
2474 2484 2691 2545 lyncem

1626 2563 1825 2612 Maenas
1847 2559 2048 2611 flexura
2071 2560 2366 2621 corymbis-⁸
2398 2559 2578 2610 Gelen.

1636 2653 1643 2666 ·
1688 2636 1763 2686 At
1803 2651 1908 2700 qaoe
1944 2638 2005 2684 de
2049 2634 2279 2698 Hercule]
2328 2634 2546 2683 Vetusti
2604 2648 2689 2683 co·

1623 2713 1787 2774 dices,
1826 2715 1950 2770 Quae
1987 2717 2146 2762 autem
2188 2714 2247 2762 de
2283 2711 2509 2762 Hercule.
2559 2710 2690 2760 Piu-

1625 2789 1757 2838 tian.

1688 2866 1897 2916 Boeticoe
1925 2865 2130 2929 primam
2167 2865 2228 2913 ab
2269 2864 2576 2926 Ossigitania
2612 2865 2696 2912 ins

1608 2942 1777 3007 susus]
1810 2942 1932 3004 Alii,
1959 2942 2287 3005 Ossigetania.
2355 2941 2537 2991 Codex
2573 2940 2693 2990 Sal-

1621 3018 1977 3079 manticensis,
2001 3017 2323 3078 Ossigitania,
2346 3030 2440 3078 per
2456 3015 2495 3075 i,
2512 3016 2567 3063 in
2590 3023 2697 3064 ter·

1621 3095 1711 3149 tia,
1733 3094 1936 3144 veriore
1958 3095 2203 3156 lectione,
2222 3093 2286 3142 ab
2305 3093 2475 3154 Ossigi
2487 3092 2692 3156 oppido

1619 3180 1903 3222 conventus
1965 3172 2314 3222 Cordubensis
2373 3169 2691 3233 cognomine

1618 3249 1865 3306 Lacouio.
1888 3249 1953 3298 de
1976 3263 2081 3313 quo
2111 3262 2230 3296 mox
2256 3248 2426 3310 paulo.
2460 3246 2620 3296 Iden.

1689 3325 1896 3375 Celticos
1931 3341 1962 3375 a
2006 3325 2261 3375 Celtiberis
2297 3339 2362 3374 ex
2394 3323 2688 3388 Lusitania]

1620 3402 1822 3464 Scribo,
1860 3401 2084 3462 Celticos,
2104 3419 2136 3451 a
2173 3402 2370 3451 Celticis
2394 3417 2460 3451 ex
2486 3400 2701 3460 Lusita--⁸

1618 3478 1703 3527 nia
1723 3477 1984 3527 admisse.
2047 3478 2184 3527 Nam
2210 3477 2460 3527 Celtiberi
2492 3477 2688 3526 Tarra-

1619 3555 1855 3611 conensis
1887 3552 2167 3622 provinciae
2196 3559 2315 3601 sunt
2353 3553 2556 3616 populi,
2576 3567 2685 3602 nou

1619 3630 1922 3679 Lusitauioe.
1985 3630 2073 3678 De
2095 3628 2311 3679 Celticis
2337 3636 2509 3678 autem
2540 3630 2688 3680 Lusi-

1618 3708 1775 3757 taniae
1803 3705 2004 3757 Plinius
2029 3706 2082 3755 in
2113 3713 2317 3770 quarto,
2353 3707 2686 3756 Ptolemaeus

1618 3784 1802 3847 primo.
1840 3782 2059 3832 Pintiaa.

1691 3858 2053 3909 Ucultaaiacum
2093 3871 2199 3919 quoe
2234 3860 2283 3905 et
2332 3854 2517 3917 Tun-iga
2554 3870 2686 3904 nunc

1613 3936 1709 3998 est]
1741 3934 2019 4002 Exemplar
2037 3932 2520 3998 Salmanthar-iga.
2577 3931 2683 3981 To-

1613 4013 1774 4061 letan.
1817 4013 1877 4059 Et
1904 4009 2121 4070 Curiga:
2163 4008 2500 4069 Ptolemaeus,
2521 4009 2685 4058 Acar·

1614 4087 1720 4150 gia.
1752 4086 1981 4136 Pintian.

1639 4167 1773 4215 CAP.
1796 4178 1860 4213 11.
1894 4162 2097 4212 Baeticae
2109 4159 2356 4222 longitudo
2369 4165 2417 4207 et
2432 4159 2656 4208 latitudo.

1757 4240 1895 4294 CAP.
1927 4253 2014 4289 ιιι.
2072 4236 2311 4299 Hispania
2328 4234 2539 4284 citerior.
2594 4269 2601 4280 .

1682 4317 1926 4386 Accedant
1970 4313 2169 4387 insula,
2197 4326 2396 4377 quarata
2435 4311 2677 4364 mentione
