3000 4917
486 371 660 440 4828
1225 358 1289 431 c'.
1338 378 1585 431 vnum
1634 378 1967 430 suevum
2023 408 2028 413 -

490 534 576 599 In
616 532 778 598 Sole
809 529 1094 596 dilucidi
1123 528 1394 611 quidem
1427 545 1511 591 ac
1538 524 1803 610 liquidi,
1834 523 1955 589 sed
1986 542 2120 587 non
2151 521 2422 587 virides.
2512 514 2686 587 Haec

486 636 659 700 vitia
684 642 754 697 et
782 631 1037 697 Atticis
1056 630 1362 695 ¹maxime
1407 629 1806 703 sentiuntur,
1854 628 1930 690 in·
1970 622 2362 707 argentariis
2400 620 2721 689 metallis'

487 734 789 820 repertis,
838 736 910 797 in
957 735 1112 799 loco
1163 732 1347 815 qui¹¹
1392 726 1763 795 Thoricosh
1811 734 2113 806 vocatur,
2159 724 2427 809 semper
2473 727 2695 791 minus

487 837 794 922 pingues,
826 844 897 903 et
923 856 962 901 e
981 834 1340 920 longinquo
1368 834 1854 917 speciosiores.
1892 832 2237 914 Frequens
2260 836 2329 895 et
2356 828 2446 894 iis
2476 830 2694 911 plum-

490 932 690 1022 bago,
716 941 844 1005 hoc
875 936 1003 1013 est,
1035 939 1208 1004 utin
1255 936 1405 1001 solo
1426 933 1522 975 ¹²1
1565 933 1865 1019 plumbei
1895 933 2273 998 videantur.
2361 931 2547 996 Illud
2580 951 2695 1014 pe-

491 1042 768 1120 culiare,
810 1040 990 1125 quod
1022 1033 1307 1123 quidamx
1331 1058 1422 1103 ex
1452 1038 1543 1103 iis
1574 1040 1955 1114 senescunt,
2004 1034 2330 1118 paulatim
2361 1031 2695 1098 viriditate

487 1144 791 1222 evanida,
837 1152 909 1208 et
944 1143 1102 1208 Sole
1148 1142 1504 1208 laeduntur.
1592 1140 1764 1204 Post
1810 1136 1941 1203 hos
1991 1133 2284 1201 Medicij
2332 1136 2694 1219 plurimum

492 1248 847 1313 varietatis
866 1250 912 1293 ¹³
934 1241 958 1284 Β
1030 1244 1295 1322 habent,
1354 1239 1706 1308 interdum'
1732 1250 1802 1305 et
1847 1261 1887 1305 e
1936 1239 2308 1322 sapphiro.⁶
2427 1238 2493 1304 Ii
2535 1245 2698 1304 -sunt

493 1347 836 1426 fluctuosi,
867 1344 954 1414 ac
983 1366 1196 1412 rerum
1227 1347 1557 1429 imagines
1586 1342 1953 1428 complexi,
1984 1350 2063 1407 ut
2095 1338 2302 1406 verbi‘
2322 1342 2544 1426 gratia
2580 1337 2696 1424 p'a-

492 1469 834 1534 paverum,
880 1457 1001 1515 aut
1041 1450 1293 1527 avium,
1344 1444 1833 1532 pinna'rumque
1862 1447 1973 1511 vel
2013 1439 2537 1528 capillorum,¹4¹
2582 1450 2696 1508 aut

494 1553 837 1618 similium.
926 1551 1065 1631 Qui
1111 1571 1245 1616 non
1293 1550 1626 1616 omninom
1672 1549 1919 1615 virides
1969 1540 2357 1625 nascuntur,
2416 1546 2604 1611 vino'
2631 1554 2698 1610 et

498 1644 653 1718 oleo‘
674 1654 1200 1730 meliores'fiunt,
1230 1672 1449 1735 neque
1481 1657 1587 1716 est
1615 1649 1899 1716 aliorum'
1927 1648 2317 1732 magnitudo
2347 1648 2656 1731 amplior.
2677 1666 2699 1697 ἲ

585 1755 1075 1820 Calchedonii‘*
1117 1755 1345 1819 nescio
1377 1773 1461 1818 an
1491 1755 1817 1819 intotum
1850 1752 2278 1829 exoleverint,
2330 1759 2697 1834 postquam

498 1856 772 1921 metalla
800 1858 958 1923 aeris
976 1855 1535 1922 ibi'defecerunt:
1581 1862 1650 1919 et
1680 1854 2197 1938 semper‘tamen
2227 1853 2400 1917 viles
2446 1854 2695 1917 fuere¹⁵

497 1944 910 2042 minimiqueL
1000 1958 1216 2023 Iidem
1237 1957 1530 2040 fra'gileS,
1552 1957 1677 2021 sed
1707 1956 1932 2021 colore
1962 1956 2223 2033 incerti,
2243 1963 2310 2020 et
2339 1954 2698 2020 virentium

499 2060 572 2124 in
602 2060 839 2126 caudis
870 2079 1202 2145 pavonum
1220 2056 1273 2100 ¹⁶
1317 2060 1909 2142 columbarumque
1938 2057 2117 2136 collo
2146 2057 2391 2141 plumis
2423 2055 2724 2132 simile8,'

564 2255 586 2281 ⁶
622 2245 865 2297 Interdum
884 2251 934 2297 et
949 2246 1224 2311 sapphirum
1242 2246 1479 2296 imitatur.

1421 2407 1479 2426 00
1483 2405 1784 2428 ‘bunun

502 2525 661 2582 «ἓνίες
693 2524 812 2573 cod.
834 2524 1018 2574 Dalec.
1048 2529 1136 2573 aut
1165 2523 1294 2574 u‘e‘ris
1321 2528 1408 2572 aut
1440 2522 1532 2573 olei
1567 2521 1757 2584 habeut,
1777 2521 1993 2577 dilucidi,
2015 2523 2226 2585 &en—11
2260 2519 2423 2570 Attici
2444 2535 2579 2570 max.
2599 2535 2699 2570 sen·

501 2588 630 2637 tiunt
666 2588 719 2637 in
754 2604 863 2650 arg.
887 2594 1000 2638 met.
1021 2589 1223 2652 reperiri
1243 2590 1340 2638 loco
1362 2587 1444 2651 qui
1463 2588 1587 2637 Vet.
1610 2588 1927 2637 Belem-12
1960 2586 2047 2635 Ita
2068 2585 2185 2636 cod.
2223 2585 2405 2635 Dalec.
2433 2601 2552 2636 cum
2584 2585 2701 2634 edd.

502 2653 762 2703 Harduin.
784 2657 836 2702 1.
873 2661 930 2702 et
962 2653 1174 2715 Bipont.
1205 2658 1260 2701 ut
1290 2653 1343 2701 in
1381 2653 1492 2702 Sole
1515 2652 1770 2701 Harduin.
1790 2655 1841 2700 2.
1863 2656 1914 2701 3.
1937 2651 2129 2700 Miller.
2152 2651 2544 2713 &Prepa—18
2576 2653 2593 2680 ‘
2618 2650 2700 2700 lta

504 2718 657 2766 codd.
693 2719 859 2780 Regg.
882 2721 932 2766 2.
954 2721 1068 2768 3.5.
1089 2722 1138 2766 6.
1204 2717 1420 2766 Variant
1456 2717 1752 2779 plurimum,
1792 2723 1852 2765 ut
1891 2715 2114 2765 habeant
2151 2716 2377 2764 colorem
2417 2716 2700 2764 coeruleum

507 2781 779 2844 sapphiri!
814 2782 1031 2829 Brotier.
1114 2781 1202 2830 Ita
1226 2795 1430 2844 quoque
1461 2781 1579 2831 cod.
1602 2782 1792 2831 Dalec.
1841 2781 2097 2844 plurimum
2125 2780 2394 2828 viriditatis
2425 2781 2550 2828 edd.
2574 2787 2699 2828 vett.

504 2845 736 2895 Gronov.
760 2845 1017 2894 Harduin.
1040 2850 1088 2894 1.
1112 2850 1161 2896 2.
1186 2850 1233 2893 3.
1258 2852 1312 2894 et
1334 2849 1694 2896 roceum—14
1725 2845 1813 2895 Ita
1834 2845 1988 2894 codd.
2013 2845 2271 2895 Har-duini
2294 2853 2348 2893 et
2372 2845 2562 2894 Dalee.
2586 2859 2700 2893 cum

507 2910 632 2958 edd.
661 2909 917 2960 Harduin.
942 2913 989 2958 1.
1010 2914 1060 2959 2.
1083 2910 1133 2959 3‘.
1169 2916 1225 2959 et
1259 2919 1484 2959 receutt.
1530 2911 1607 2958 vel
1641 2911 1900 2959 catulorum
1936 2911 2165 2960 Gronov.
2194 2918 2250 2958 et
2276 2910 2584 2973 vulgg.—15
2618 2908 2701 2957 Ita

506 2974 661 3024 codd.
700 2974 961 3024 Harduini
994 2981 1049 3024 et
1080 2975 1280 3025 Fuxen.
1317 2989 1435 3025 cum
1460 2974 1582 3025 edd.
1606 2974 1867 3026 Harduiu.
1891 2978 1941 3025 1.
1964 2979 2014 3023 2.
2035 2979 2084 3024 3.
2118 2981 2173 3024 et
2206 2981 2431 3025 recentt.
2486 2974 2702 3024 vilisdmi

1492 3121 1712 3173 NOTAE

569 3235 594 3269 ¹¹
631 3234 875 3303 Tlporieos]
909 3234 1026 3284 Lib.
1049 3248 1126 3284 lv.
1148 3249 1265 3300 cap.
1287 3238 1367 3284 11.
1395 3242 1411 3264 ⁸
1426 3235 1564 3285 Tho·
1645 3233 1811 3293 Editi,
1832 3235 2109 3283 catulorum.

507 3313 640 3364 ticos
671 3309 1113 3374 promontorium?
1710 3319 1746 3344 ¹¹²
1781 3310 1881 3367 Qui
1900 3326 1992 3360 mm
2013 3309 2222 3373 omnino]
2276 3309 2514 3360 Isidorus
2559 3309 2703 3373 Orig.

571 3388 587 3421 ¹
620 3386 731 3435 Hoc
763 3392 853 3448 est,
885 3391 939 3435 ut
977 3386 1029 3435 in
1063 3385 1184 3448 solo]
1231 3385 1409 3436 Humi.
1478 3386 1564 3436 Sic
1645 3400 1761 3437 xvi.
1805 3391 1855 3436 7.
1910 3387 2120 3435 Solinus
2164 3400 2281 3449 cap.
2334 3389 2416 3435 15.
2462 3400 2588 3450 pag.
2624 3390 2706 3436 36.

508 3462 642 3514 Mss.
664 3477 838 3511 omnes
855 3478 871 3511 t
904 3475 1007 3510 non
1042 3463 1095 3510 in
1128 3463 1246 3522 ⁸019,
1271 3470 1329 3510 ut
1351 3462 1567 3511 editi.-
1643 3469 1659 3492 ‘
1678 3463 1829 3514 Mero
1849 3472 1904 3514 et
1917 3462 2068 3511 viridi
2086 3461 2365 3525 proficiunt
2381 3463 2515 3519 oleo,
2532 3477 2704 3528 quam·

509 3541 527 3568 ‘
544 3538 655 3588 Hoc
675 3543 765 3595 est,
787 3543 841 3588 ut
874 3539 927 3586 in
950 3537 1083 3601 Sole]
1120 3537 1210 3585 Ita
1244 3538 1428 3587 meiius
1464 3539 1567 3587 Ro·
1648 3539 1724 3588 vis
1743 3547 1928 3589 natura
1947 3537 2283 3587 imbuuntur.'

496 3630 663 3683 =mana
711 3621 767 3664 et
816 3614 1116 3663 Parmensis
1167 3612 1363 3675 Editio,
1417 3629 1568 3677 quam
1711 3623 1736 3649 ¹²
1773 3614 2100 3677 Calchedouii]
2142 3612 2545 3666 ACalchedone
2575 3631 2704 3668 sma-

508 3692 644 3742 Mss.
667 3690 898 3755 quidam,
918 3690 970 3737 in
991 3687 1117 3738 eolo?
1151 3686 1247 3738 Ed.
1270 3702 1373 3738 sec.
1649 3691 1799 3755 ragdi
1821 3692 1856 3740 ii
1879 3705 2065 3740 nomen
2087 3689 2298 3740 habent.
2338 3691 2428 3740 Sic
2450 3692 2582 3740 Mas.
2602 3707 2703 3742 om-

570 3767 588 3811 i
621 3768 745 3817 Post
765 3764 850 3815 hos
871 3765 1077 3830 Medici]
1117 3765 1314 3815 Horum
1339 3766 1572 3816 meminit
1649 3783 1763 3828 nes,
1787 3769 1919 3831 Reg.
1941 3771 1987 3817 2.
2014 3766 2164 3816 Colb.
2197 3771 2249 3816 3.
2271 3774 2327 3816 et
2347 3767 2432 3815 alii
2455 3783 2469 3817 ε
2507 3783 2629 3833 nou,
2650 3776 2707 3819 nt

511 3843 673 3892 etiam
711 3842 916 3891 Solinus
956 3857 1071 3904 cap.
1110 3845 1191 3892 15.
1226 3857 1345 3905 pag.
1375 3848 1457 3893 35.
1526 3845 1572 3893 E
1651 3847 1781 3897 editi
1806 3846 1944 3906 iibri,
1978 3843 2312 3904 Carchedonii,
2343 3859 2375 3893 a
2412 3844 2708 3896 Carchedo-

512 3917 711 3979 Media,
733 3932 848 3982 quae
874 3917 1105 3967 Persidis
1125 3918 1269 3982 regio
1292 3926 1390 3981 est,
1413 3917 1569 3968 adve-
1652 3936 1737 3984 ne,
1760 3923 1858 3971 hoc
1882 3928 1987 3982 est,
2010 3935 2040 3968 a
2062 3920 2409 3983 Carthagine:
2445 3923 2547 3970 etsi
2583 3922 2706 3972 Car-

513 3994 726 4043 huntur.
1650 3999 1924 4050 chedonios
1963 3996 2277 4048 Marbodens
2313 4005 2470 4047 vocat
2507 3997 2574 4047 de
2609 4000 2705 4048 La·

581 4068 605 4103 Β
654 4070 923 4118 Plurimum
963 4071 1215 4119 varietatis
1261 4071 1570 4135 [viriditatis]
1650 4075 1759 4139 pid.
1802 4075 1951 4124 Pret.
1997 4089 2113 4139 cap.
2155 4077 2237 4125 54.
2284 4073 2349 4123 de
2386 4073 2702 4138 smaragdis:

512 4145 857 4209 ‘Memomneffi
879 4145 1145 4209 varietatis,
1169 4146 1334 4194 miuus
1357 4155 1522 4196 recte.
1656 4151 1745 4205 sed
1770 4150 2033 4201 mendose.

546 4212 603 4254 ’Ἰ
641 4218 730 4269 Vel
750 4218 1042 4288 capillorum]
1087 4220 1175 4271 Sic
1216 4221 1344 4270 Mes.
1378 4236 1576 4285 omnes.
