3000 4917
281 1124 311 1156 Ι

434 342 610 407 4904
1418 355 1669 404 mnnx

437 499 849 553 Commentarios
875 499 906 551 J
913 498 1018 548 uris
1037 498 1240 562 Civilis,
1257 497 1324 548 de
1348 497 1536 563 quibus
1553 498 1742 549 Cicero
1762 497 1830 547 de
1847 496 2000 549 Orat.
2020 497 2115 551 lib.
2135 512 2176 548 ι.
2195 513 2245 563 p.
2262 503 2379 549 882.
2415 499 2657 549 Enniano

433 581 699 646 praeconio
721 580 1016 630 celebratur
1037 596 1052 628 ι
1088 582 1104 609 ‘
1127 580 1352 644 Egregie
1386 579 1633 629 cordatus
1654 580 1808 629 bomo
1830 580 1994 629 Catus
2020 577 2178 629 AEliu’
2218 579 2449 629 Sextus?
2517 583 2659 630 Con-

433 662 515 711 sul
555 660 659 711 fuit
690 675 816 717 *cum
855 660 922 710 T.
959 659 1179 711 Quintio
1217 659 1491 722 Flaminio,
1526 672 1659 709 anno
1683 659 1750 708 U.
1782 658 1844 708 C.
1878 672 2035 710 navt.
2101 660 2375 711 Laudatur
2410 676 2443 711 a
2483 660 2662 710 Plinio

434 755 514 791 lx.
532 746 616 791 59.

499 821 725 872 AEma‘tius
750 821 935 870 Macer.
1002 820 1320 869 Veronensis
1358 818 1520 882 poeta
1557 819 1853 890 appellatur
1892 817 1961 866 ab
2002 816 2332 884 Hieronymo
2367 819 2423 868 iu
2463 820 2666 870 Chron-

438 900 651 966 Olymp.
672 913 823 950 cxci.
849 913 935 950 an.
960 904 1008 959 1.
1029 914 1132 964 quo
1155 913 1274 948 eum
1297 898 1490 949 obiisse
1516 899 1609 949 ait.
1661 900 1846 949 Fuisse
1869 898 2195 961 grandiorem
2219 914 2333 950 sevo
2355 914 2512 964 quam
2536 901 2667 950 Ovi·

442 981 603 1044 dium,
624 996 692 1030 ex
713 981 829 1051 ipso
854 980 1049 1033 Ovidio
1071 978 1338 1036 discimus.
1358 979 1523 1031 Trist.
1549 993 1627 1033 tv.
1646 983 1729 1031 10.
1751 983 1840 1029 48.
1902 981 1921 1010 ⁸
1942 980 2098 1043 sape
2120 995 2241 1031 sues
2266 981 2513 1033 volucres
2536 981 2667 1046 legit

446 1061 573 1111 mibi
598 1059 839 1125 grandior
862 1074 997 1124 aevo,
1018 1060 1256 1125 Quaeque
1278 1065 1437 1111 nocet
1459 1072 1692 1123 serpens,
1713 1073 1829 1123 qnae
1845 1058 2001 1122 juvet
2021 1058 2203 1123 herba,
2223 1060 2448 1110 Macer!
2511 1061 2667 1110 Unde

442 1150 501 1193 et
522 1152 639 1207 quae
662 1132 952 1205 scripserit,
975 1140 1331 1204 intelligimus.
1396 1139 1550 1202 Opus
1587 1138 1655 1188 de
1678 1139 1974 1188 volucribus
1998 1137 2291 1202 ὀρνιθογον’
2290 1158 2323 1189 ιι
2360 1140 2668 1204 appellaba·

446 1229 548 1275 tur.
583 1222 827 1272 Meminit
848 1221 1127 1271 Diomedes
1149 1220 1239 1270 hb
1263 1235 1302 1270 1.
1330 1235 1382 1284 p.
1404 1224 1521 1270 871.
1543 1220 1631 1285 qui
1661 1219 2012 1283 Opmooeyovioes
2032 1220 2222 1270 librum
2244 1221 2534 1271 secundum
2559 1222 2670 1270 lau·

452 1303 563 1352 dat.
629 1302 876 1352 Meminit
913 1307 970 1352 et
1009 1301 1229 1358 Nonius,
1252 1303 1462 1351 verbo‘
1484 1301 1821 1353 Picumnus?
1852 1301 1943 1353 nbi
1975 1283 2278 1365 Theogonis
2303 1315 2586 1366 perperam
2617 1303 2671 1353 in

454 1382 763 1450 quibusdam
786 1382 935 1433 libris
971 1396 1066 1446 pro
1090 1381 1476 1445 Ornithogonis
1512 1380 1777 1430 scribitur
1840 1381 2096 1430 Tberiaca
2131 1381 2395 1431 Nicandri
2425 1384 2672 1446 exemplo

453 1463 743 1527 scripsisse,
783 1476 962 1512 versus
993 1462 1128 1515 alter
1159 1461 1373 1513 indicat.
1438 1461 1605 1524 Cujus
1627 1460 1802 1526 operis
1821 1460 2013 1510 librum
2047 1459 2283 1525 quintum
2307 1461 2441 1510 citat
2460 1461 2676 1525 Sosipa-

454 1551 534 1594 ter
556 1543 645 1593 lib.
668 1557 706 1592 1.
730 1557 784 1607 p.
804 1547 888 1594 61.
954 1541 1059 1591 Sed
1085 1549 1278 1605 praeter
1300 1541 1404 1590 ista
1425 1540 1638 1605 scripsit
1674 1541 1924 1604 Annales,
1946 1554 2163 1605 qnorum
2186 1540 2321 1590 liber
2344 1541 2672 1591 sextusdeci-

455 1635 572 1675 mus
607 1623 853 1673 laudatnr
893 1636 923 1671 ι
957 1622 1232 1671 Prisciano
1261 1620 1348 1671 lib.
1388 1634 1446 1670 x.
1480 1635 1535 1684 p.
1573 1625 1690 1671 895.
1755 1620 1860 1672 Qui
1886 1620 2078 1671 AEmilii
2117 1621 2285 1670 Macri
2321 1621 2536 1672 nomine
2572 1622 2674 1671 eir·

457 1703 746 1754 cumfertur
767 1703 991 1758 libellus,
1011 1700 1079 1752 de
1108 1701 1386 1753 virtutibus
1414 1700 1712 1766 herb-mm,
1739 1699 1907 1751 -foetus
1939 1708 2022 1751 est
2045 1701 2253 1751 omnino
2278 1701 2674 1765 supposititius:

460 1799 579 1835 cnm
615 1791 671 1834 et
704 1782 952 1846 Plinium,
990 1788 1047 1832 et
1084 1781 1363 1847 Galeuum,
1401 1788 1457 1831 et
1496 1781 1814 1847 Oribasium,
1851 1796 1913 1832 ac
1948 1781 2112 1831 multo
2152 1780 2313 1831 etiam
2350 1782 2676 1833 recentiores

461 1863 663 1913 laudet.

526 1941 923 1992 AEschines.1n
947 1939 1132 1992 Indice
1162 1941 1254 1993 lib.
1290 1953 1496 1992 xxvm.
1530 1938 1809 1991 Medicus.
1844 1940 2082 2004 ejusdem
2110 1939 2231 1991 libri
2254 1954 2374 2005 cap.
2401 1945 2486 1991 10.
2511 1939 2675 1993 Athe·

463 2022 658 2081 niensis
678 2022 893 2073 dicitur.

529 2102 801 2157 AEaehriom
866 2100 932 2155 ln
963 2100 1147 2153 Indice
1181 2099 1274 2155 lib·
1305 2112 1432 2155 vm.
1466 2099 1538 2153 de
1575 2097 1915 2165 Agricultura
1951 2100 2221 2164 scripsisse
2244 2099 2677 2155 dicitnr.1ntsr

465 2183 858 2249 probatissimos
882 2183 980 2237 Rei
1004 2182 1237 2241 Rustica
1260 2182 1567 2246 scriptores,
1589 2195 1802 2246 quorum
1836 2181 2013 2244 ignota
2043 2180 2115 2230 sit
2144 2181 2337 2245 patria,
2354 2181 2497 2235 bunc
2531 2196 2678 2249 repo·

464 2270 598 2317 nunt
620 2264 784 2314 Varro
807 2271 864 2314 et
886 2263 1173 2321 Columella
1196 2277 1315 2328 cap.
1338 2266 1387 2314 1.
1409 2263 1583 2326 operis
1603 2261 1703 2315 sui·
1767 2261 1852 2315 Ad
1874 2260 2353 2324 eum.Hipparcbus
2385 2261 2549 2312 libros
2573 2270 2680 2314 tres

465 2341 875 2399 Enarrationum
898 2343 964 2397 sd
987 2341 1138 2399 Arati
1161 2344 1513 2397 Pbaenomena
1534 2341 1818 2406 inscripsit.
1882 2340 2122 2405 Αἰσχρίων
2151 2343 2204 2395 ἐν
2223 2340 2407 2404 ἑβδόμᾳ
2426 2342 2522 2400 τῆς
2540 2342 2679 2404 Ἐφε-

466 2422 597 2481 atros
615 2423 852 2475 landatur
874 2439 907 2475 ι
925 2425 1115 2480 Tantae
1139 2424 1192 2479 in
1216 2423 1477 2488 Lycopbr.
1503 2435 1625 2486 με.
1649 2420 1763 2479 101.

531 2505 805 2568 AEscluytm.
836 2504 1128 2569 Tragoedias
1150 2505 1273 2579 suis,
1294 2517 1512 2570 quarum
1543 2501 1799 2567 hodieque
1836 2510 2115 2566 supersunt
2138 2503 2349 2567 aliquae.
2368 2502 2683 2555 notissimus.

469 2582 805 2639 Atheniensis
840 2583 959 2641 fuit.
1025 2574 1226 2641 Flornit
1262 2582 1896 2650 Olymp.1.xxxs.cirea
1934 2582 2281 2637 Marathonia
2318 2597 2513 2683 pugnat
2552 2590 2683 2635 tem·

470 2678 617 2737 pora.

532 2743 937 2803 Agatharchides,
959 2745 1178 2797 Cnidius
1197 2759 1227 2794 a
1258 2745 1430 2809 patria
1458 2752 1807 2809 cognomento
1826 2741 2016 2797 dictus.
2081 2744 2165 2797 De
2188 2759 2252 2798 so
2274 2746 2437 2797 multa
2459 2745 2682 2798 Pbotius

468 2820 526 2871 in
559 2820 809 2875 Bibliotb.
847 2823 977 2875 cod..
999 2829 1117 2879 218.
1156 2840 1210 2890 p.
1246 2828 1364 2879 548.
1434 2824 1749 2917 Olympiade
1786 2824 2001 2879 circiter
2040 2837 2126 2881 οι
2166 2823 2360 2880 floruit·
2430 2826 2682 2879 Historia

468 2899 741 2968 Asiaticae,
762 2902 830 2957 ab
857 2918 921 2954 eo
946 2904 1089 2959 libris
1124 2919 1180 2961 x.
1214 2905 1546 2971 conscriptae,
1583 2904 1864 2959 meminere
1899 2904 2118 2959 Photius
2148 2914 2204 2957 et
2234 2906 2506 2958 Diodorus
2526 2909 2684 2960 Sicul.

470 2981 565 3033 lib.
601 2986 1132 3048 111.p.149.Egit
1166 2988 1324 3041 etiam
1362 2986 1429 3039 de
1470 2986 1625 3039 rebus
1647 2985 1940 3050 Europaeis,
1961 2986 2105 3041 libris
2137 2986 2343 3037 omnino
2366 2999 2526 3037 xmx.
2550 2995 2684 3040 teste

469 3061 656 3112 eodem
681 3063 888 3127 Photio,
912 3073 965 3116 et
982 3066 1240 3118 Athenaeo
1262 3068 1354 3117 lib.
1377 3081 1454 3117 tv.
1475 3082 1529 3130 p.
1556 3070 1669 3116 168.
1692 3074 1748 3116 et
1769 3067 1859 3116 1ι1)
1879 3080 1979 3117 vn.
2004 3082 2058 3131 p.
2076 3071 2193 3118 297.
2247 3067 2387 3119 Item
2410 3068 2481 3120 de
2499 3071 2684 3122 collec-

469 3142 616 3211 tione
639 3142 1019 3197 admirabilium
1045 3154 1337 3207 ventorum,
1359 3147 1505 3203 etde
1525 3137 1858 3212 Troglodytis
1888 3148 2047 3203 libros
2074 3149 2329 3214 quinque:
2366 3149 2560 3201 librum
2582 3153 2683 3202 sin-

472 3224 705 3287 gularem
731 3224 798 3273 de
822 3225 963 3275 Mari
990 3227 1198 3291 Rubro.
1235 3228 1437 3294 aliaque
1460 3243 1492 3281 a
1512 3228 1703 3281 Pbotio
1734 3227 2011 3279 recensita.
2073 3229 2172 3280 Est
2189 3234 2245 3281 et
2269 3229 2402 3282 alius
2427 3229 2681 3295 Agathar-

471 3302 653 3353 chides
675 3304 899 3369 Samius,
921 3306 1066 3371 cujus
1089 3308 1276 3359 librum
1299 3323 1378 3358 ιν.
1396 3307 1504 3374 περὶ
1523 3307 1683 3364 λίθοιν,
1703 3310 1763 3359 de
1785 3307 2050 3371 Lapidibm
2066 3309 2320 3373 Praetorio,
2351 3310 2537 3363 landet
2559 3314 2683 3363 Pin-

472 3384 682 3445 tarcbus
718 3384 785 3435 de
823 3385 1164 3450 Fluminibus,
1199 3404 1253 3454 p.
1290 3394 1436 3441 1163.
1499 3389 1712 3443 Librum
1735 3389 2020 3443 secundum
2043 3391 2237 3443 Rerum
2260 3389 2527 3449 Persicar.
2548 3393 2685 3446 idem

472 3464 619 3517 Plut.
645 3462 697 3512 in
723 3463 994 3526 Parallelis
1020 3481 1072 3530 p.
1095 3472 1209 3518 30⁵.
1275 3470 1532 3523 Quartum
1558 3470 1801 3525 Stobaeus
1822 3471 1991 3523 serm.
2014 3482 2215 3522 xnvur.
2239 3485 2294 3534 p.
2316 3476 2434 3522 171.

533 3544 842 3608 Agathocles.
905 3545 1227 3611 Babylonius
1261 3549 1394 3601 suite
1443 3552 1613 3609 aetatis
1650 3552 1886 3603 incertoe.
1952 3552 2061 3610 Res
2097 3553 2685 3614 Cyzicenorum'literis

467 3626 768 3691 mandavit.
753 3643 767 3655 ·
805 3625 943 3683 unde
965 3635 1021 3679 et
1041 3628 1329 3692 Cyzicenus
1350 3631 1464 3694 ipse
1486 3638 1571 3683 est
1587 3632 1878 3695 appellatus
1896 3631 1961 3683 ab
1983 3631 2245 3686 Atbenaeo
2261 3633 2354 3683 lib.
2371 3646 2478 3687 xn-
2498 3650 2553 3699 p.
2569 3642 2682 3691 515.

468 3706 717 3759 Meminit
736 3707 873 3757 illius
895 3715 952 3758 et
972 3708 1179 3773 Festus,
1202 3711 1403 3762 verbo‘
1423 3710 1627 3771 Romal
1648 3712 1861 3778 aliique.
1928 3711 2031 3765 Sed
2056 3720 2140 3765 est
2164 3721 2358 3780 preter
2380 3715 2522 3768 hrinc
2539 3717 2681 3783 Age·

468 3787 721 3850 tboclem,
744 3794 802 3837 et
824 3787 956 3837 alins

532 3867 823 3928 Agathocles
848 3869 1015 3926 Chius,
1057 3870 1156 3920 Rei
1190 3872 1422 3925 Rustica
1445 3874 1698 3937 scriptor,
1719 3872 1787 3925 de
1817 3887 1918 3937 qno
1945 3874 2086 3936 apud
2107 3822 2403 3926 Varronem
2436 3882 2495 3927 et
2529 3878 2682 3929 Colu-

468 3946 674 3996 mellam
700 3948 982 4001 honorifica
1004 3952 1218 4008 mentio,
1237 3953 1304 4002 de
1325 3955 1405 4005 Re
1427 3954 1717 4009 Rust.1.1.
1783 3952 1833 4005 A
1857 3953 2026 4006 Plinio
2046 3954 2289 4006 laudatus
2312 3957 2365 4007 in
2389 3957 2576 4009 Indice
2595 3960 2682 4010 lib.

472 4038 601 4077 vm.
624 4026 853 4092 alibique
877 4028 1086 4093 passim.
1119 4032 1325 4085 Citstnr
1349 4041 1406 4087 et
1427 4035 1725 4098 Ἀγαθοκλῆι
1747 4034 1799 4083 ἓν
1816 4053 1887 4097 w
1863 4034 2008 4098 sepi
2027 4036 2224 4095 διαίτης
2241 4052 2275 4087 ⁸
2294 4037 2468 4089 schol
2489 4038 2681 4090 Nim-

470 4104 552 4159 dri
590 4105 643 4154 in
674 4108 910 4163 Therisc.
950 4124 1002 4175 p.
1038 4116 1122 4162 29.
1170 4116 1281 4165 Est
1317 4123 1373 4166 et
1408 4116 1727 4181 Agathocles
1757 4116 2013 4181 Milesius,
2055 4116 2143 4182 qni
2166 4117 2357 4169 librum
2379 4119 2595 4185 scripsit
2616 4120 2678 4170 de

469 4184 804 4246 Fluminibus,
828 4193 967 4240 teste
993 4192 1138 4244 Plut.
1161 4195 1229 4247 de
1249 4197 1416 4250 Flum.
1435 4197 1529 4251 lib.
1548 4212 1587 4249 1.
1612 4214 1666 4263 p.
1688 4201 1835 4250 1161.
