3000 4917
2332 414 2506 487 4898

293 575 434 636 tem
485 572 762 638 minima
808 575 1069 656 gratia.³
1157 573 1380 640 Veras
1430 592 1474 637 a
1519 571 1753 640 salsis¹
1796 576 2217 644 discernendi
2263 572 2508 664 magna

297 672 701 740 difficultas:
748 675 1002 759 quippe
1047 695 1197 740 cum
1227 676 1561 741 inventum
1605 677 1719 754 sit,
1766 697 1856 742 ex
1913 679 2090 743 veris
2140 682 2423 763 gemmis
2443 678 2508 735 ⁴1

298 776 374 839 in
401 776 675 841 alterius
700 777 959 860 generis
983 776 1199 843 falsas
1221 775 1626 844 traducere'.'
1685 779 2157 863 Sardonyches
2189 802 2228 845 e
2255 782 2461 853 ternis
2483 779 2509 831 Κ

300 876 710 960 glutinantur
756 880 1084 961 gemmis‚⁵
1132 880 1232 945 ita
1291 887 1370 945 ut
1427 880 1841 964 deprehendi
1891 902 2002 947 ars
2060 878 2193 947 non
2240 878 2470 966 possit
2491 884 2518 955 ε’

299 977 574 1044 aliunde
603 980 812 1062 nigro,
845 980 1115 1046 aliunde
1167 982 1484 1061 candido,
1521 984 1794 1049 aliunde
1841 986 2069 1063 minio,
2100 986 2340 1050 sumtis
2368 1005 2511 1058 om-

299 1079 507 1145 nibus
555 1082 628 1145 in
667 1101 789 1147 suo
836 1103 1074 1165 genere
1115 1084 1638 1167 probatissimis.
1723 1084 2110 1164 Quinimmo
2142 1089 2344 1153 etiam
2387 1107 2511 1153 ex·-

300 1192 451 1250 tant
479 1187 940 1252 commentarii
971 1193 1345 1267 auctorum,
1376 1197 1552 1272 quos
1575 1209 1705 1254 non
1749 1189 2058 1274 equidem
2092 1191 2512 1258 demonstra-

299 1287 454 1365 rim,
488 1289 735 1371 quibus
760 1289 983 1354 modis
1011 1309 1103 1354 ex
1134 1285 1500 1373 crystallo¹
1527 1291 1906 1373 tinguantur
1935 1293 2289 1375 smaragdi,
2321 1293 2509 1359 aliae-

304 1409 440 1473 que
469 1391 990 1470 translucenteS,
1038 1392 1377 1475 sardonyx
1419 1410 1459 1455 e
1507 1393 1731 1472 sarda,
1758 1390 1922 1457 item
1949 1400 2185 1461 ceterae
2210 1415 2301 1460 ex
2332 1396 2508 1462 aliis.

305 1490 548 1574 Neque
577 1497 682 1556 est
708 1492 849 1556 ulla
888 1492 1075 1557 fraus
1098 1493 1256 1558 vitae
1278 1492 1634 1558 lucrosior'.

396 1607 676 1656 Lxxw.
697 1592 939 1681 (xm.)
959 1594 1117 1659 Nos
1140 1601 1376 1660 contra
1395 1594 1729 1660 rationem
1748 1595 2279 1680 deprehendendi
2300 1598 2509 1665 salsas

303 1693 932 1774 demonstrabimus,
980 1695 1296 1780 (quando
1324 1698 1527 1761 etiam
1571 1696 2278 1764 luxuriam‘adversus
2328 1700 2513 1765 frau-

304 1794 427 1860 des
450 1804 470 1834 ¹
520 1796 761 1863 muniri
792 1795 1044 1881 decet‚)
1087 1804 1330 1882 praeter
1357 1797 1500 1876 illa,
1532 1818 1688 1883 quae
1731 1801 1801 1864 in
1839 1800 2326 1883 principalibus
2365 1803 2513 1885 qui·

304 1898 568 1982 busque
592 1899 944 1980 generibus
973 1899 1289 1982 privatim
1314 1899 1666 1967 diximus.
1745 1899 2267 1967 Translucentes
2297 1910 2512 1968 matu-

304 2000 448 2064 tino
471 2002 740 2084 probari
761 2007 1068 2066 censentz
1095 2008 1236 2080 aut,
1255 2003 1314 2066 si
1332 2021 1609 2067 necesse
1630 2008 1756 2080 est,
1776 2002 1848 2068 in
1866 2001 2174 2086 quartam'
2186 2003 2418 2068 horam
2436 2024 2453 2069 t
2469 2012 2511 2040 ¹¹⁸

304 2106 544 2184 postea
603 2108 855 2168 vetant.
947 2103 1430 2187 Experimenta
1495 2103 1801 2186 pluribus
1879 2103 2098 2168 modis
2179 2113 2508 2179 constant.

306 2201 609 2268 Primum
649 2204 966 2287 pondere,
998 2205 1057 2269 si
1095 2205 1440 2286 graviores
1482 2206 1902 2270 sentiuntur:
1969 2213 2123 2288 post
2160 2205 2335 2284 haec,
2367 2226 2513 2271 cor·

260 2387 263 2389 .
305 2323 488 2386 pore.
580 2304 871 2371 Fictitiis
902 2307 1166 2389 pusulae
1197 2307 1264 2370 in
1300 2306 1633 2390 profundo
1684 2313 2033 2391 apparent,
2083 2309 2405 2374 scabritia
2436 2309 2508 2374 in

308 2407 531 2483 cute,
511 2426 579 2472 m
601 2407 1078 2490 capillamento
1108 2406 1392 2487 fulgoris
1419 2408 1898 2486 inconstantia,
1921 2416 1990 2474 et
2020 2410 2235 2492 priuS,
2261 2428 2464 2494 quam
2484 2418 2509 2448 ²

309 2506 398 2570 ad
449 2509 686 2572 oculos
740 2509 1105 2593 perveniat,
1162 2509 1475 2573 desinens
1532 2510 1730 2574 nitor.
1815 2512 2110 2576 Decussi
2170 2513 2512 2594 fragmenti

307 2609 610 2691 paulum,
632 2608 854 2693 quod
834 2631 900 2674 m
930 2609 1227 2674 laminaa
1270 2610 1484 2674 ferrea
1528 2616 1792 2691 teratur,
1823 2611 2366 2678 efficacissimum
2394 2632 2507 2677 ex-

823 427 1004 477 NA‘r.
1049 428 1252 477 msr.
1301 429 1454 478 ms.
1504 428 1826 479 xxxvu.
1869 415 1978 482 76.

1225 2770 1318 2793 δύο
1292 2772 1499 2793 ‘mooe
1503 2773 1531 2792 O
1535 2773 1595 2793 00

305 2872 562 2936 clypeidos.
563 2876 659 2921 —3
694 2872 780 2921 Ita
818 2872 970 2922 codd.
1004 2871 1283 2933 Harduini,
1322 2875 1523 2925 Fuxen.
1545 2879 1602 2924 et
1623 2874 1748 2924 Vet.
1770 2874 1953 2925 Daiec.
1973 2889 2089 2923 cum
2111 2873 2231 2923 edd.
2259 2873 2515 2927 Har-duin-

310 2941 360 2985 l.
384 2942 434 2986 2.
454 2941 500 2986 8.
524 2944 581 2989 et
609 2944 836 2986 recentt.
865 2938 1109 2998 angulosis
1129 2938 1326 2987 minima
1346 2938 1518 3001 gratia
1548 2939 1782 2993 Gronov.
1801 2947 1857 2988 et
1883 2940 2053 3000 vulgg.
2056 2945 2150 2988 -4
2183 2939 2308 2989 Vet.
2333 2940 2515 2990 Dalec.

308 3006 359 3050 et
380 3016 518 3051 ueras
541 3016 768 3062 gemmas.
772 3005 863 3049 —5
903 3003 1093 3050 Fuxen.
1122 3002 1343 3063 gravatis
1371 3003 1679 3062 glutinantur
1702 3002 1935 3064 gemmis,-
1968 3004 2242 3052 Constant.
2273 3017 2513 3062 grumm-

310 3065 399 3114 tiis
423 3066 642 3126 gemmis.
705 3066 939 3121 Gronov.
962 3075 1017 3115 et
1036 3066 1104 3114 al.
1129 3073 1252 3114 ante
1276 3065 1538 3115 Harduin.
1592 3082 1620 3116 e
1651 3067 1888 3116 cerauniis
1903 3067 2213 3128 glutinantur
2228 3067 2445 3127 gemmis.

379 3129 833 3180 CAP.1.xxv1.l
867 3131 995 3178 vet.
1019 3130 1205 3180 Dalec.
1225 3128 1569 3190 francam-2
1604 3130 1690 3179 Its
1725 3143 1794 3180 ex
1833 3131 1988 3180 codd.
2020 3129 2319 3179 Harduinils
2353 3141 2408 3180 et
2432 3145 2513 3179 re-

311 3201 481 3244 eentt.
560 3194 790 3244 Factitiis
821 3195 1095 3258 pustuloe..
1114 3194 1512 3259 ..inconstantiQ
1561 3196 1699 3258 prius
1736 3209 1877 3258 quam
1908 3195 2141 3245 Gronov.
2177 3201 2235 3244 et
2270 3194 2512 3258 vulgg.--

1306 3356 1356 3408 N
1362 3356 1523 3407 01*AE

305 3453 494 3516 peidos,
513 3460 759 3518 tanquam
781 3468 812 3502 a
829 3452 1163 3504 similitudine
1184 3453 1374 3517 clypei.
1454 3457 1557 3510 est,
1579 3461 1637 3503 ut
1661 3453 1895 3503 Isidorus
1919 3453 1992 3503 ait
2027 3454 2127 3503 loc.
2166 3452 2259 3503 cit.
2290 3452 2307 3482 ⁴
2326 3452 2514 3517 quibus

313 3528 389 3579 At
414 3528 658 3591 displicet
675 3527 897 3593 hybrida
921 3542 1036 3578 vox.
1091 3527 1379 3588 Κυκλοειδὴε
1453 3528 1622 3579 modis
1647 3544 1740 3594 pro
1774 3529 1945 3594 lapide
1977 3529 2348 3592 pretiosissimo
2380 3543 2514 3577 sma-

312 3605 482 3667 msgis
509 3604 696 3656 arrisit.
760 3604 825 3654 In
847 3605 980 3655 Mss.
1011 3604 1267 3671 omnibus,
1287 3605 1376 3654 cli-

313 3683 481 3730 tedoss

388 3754 404 3788 ¹
434 3755 585 3806 Vera·
603 3770 634 3804 a
645 3755 819 3820 falsis]
850 3755 983 3804 Haee
1018 3754 1238 3805 totidem
1263 3769 1377 3804 ver·

315 3829 396 3879 bis
417 3830 652 3880 Isidorus
675 3830 825 3894 Orig.
851 3843 971 3881 xvr.
994 3834 1074 3880 14.
1370 3865 1375 3870 ·

407 3903 514 3953 JEx
549 3905 679 3954 veris
709 3903 936 3969 gemmis]
984 3904 1061 3954 Ut
1081 3919 1147 3955 ex
1178 3905 1376 3956 electro

317 3980 660 4043 amethystus,
706 3980 1006 4044 smaragdus
1054 3994 1084 4029 e
1128 3981 1376 4044 crystallo

315 4054 552 4119 fingitur.

381 4129 406 4164 Β
436 4131 765 4197 Sardonychas
787 4147 812 4181 e
844 4132 1016 4196 ternis]
1048 4132 1184 4183 Vide
1205 4133 1377 4184 Notas

314 4214 370 4261 et
394 4207 617 4259 Emend.
639 4223 782 4259 num.
805 4211 890 4258 34.

380 4283 394 4318 ¹
433 4282 618 4340 Quibus
659 4278 813 4335 modis
852 4298 916 4334 ex
955 4246 1202 4348 maalle]
1258 4282 1378 4335 Hoc

1455 3605 1615 3668 ragdo
1638 3605 1827 3654 vitrum
1853 3611 1943 3654 aut
1966 3604 2243 3668 crystallus
2262 3610 2376 3652 arte
2398 3601 2513 3652 infi-

1456 3681 1647 3744 ciatur,
1671 3687 1728 3729 nt
1750 3678 1896 3729 fallat
1920 3680 2095 3729 oculos
2112 3677 2207 3727 sub
2231 3678 2350 3727 dolo
2373 3692 2513 3742 quae·

1456 3754 1578 3804 dam
1596 3755 1730 3804 falsa
1754 3754 2023 3818 viriditate,⁹
2042 3757 2140 3802 &c-

1520 3836 1559 3863 ὓ
1589 3830 1654 3880 In
1694 3835 1913 3895 quartam
1954 3829 2141 3891 horam]
2201 3829 2331 3877 Post
2373 3827 2510 3877 Solis

1456 3913 1697 3955 exortam
1722 3905 1955 3956 scilicet:
1988 3904 2192 3953 duabus
2217 3910 2339 3953 ante
2361 3904 2513 3953 meri·
2511 3914 2516 3919 ·

1455 3979 1594 4030 diem
1614 3981 1769 4031 horis·

1519 4064 1548 4093 ¹¹
1580 4057 1759 4113 Quod·
1739 4071 1794 4106 m
1814 4056 2015 4120 lamina]
2063 4056 2174 4107 Sub
2211 4054 2397 4106 lamina
2427 4060 2512 4105 te·

1456 4139 1622 4183 ratur.
1687 4133 1825 4182 Nam
1867 4145 1983 4195 qnae
2022 4138 2140 4183 sunt
2180 4130 2419 4188 sincerae,
2455 4130 2509 4179 in

1457 4207 1700 4272 exiguum
1723 4207 1988 4272 pulverem
2013 4213 2326 4279 atteruntur.
