3000 4917
1169 398 1616 450 sucroauM.
2318 395 2493 477 4313

287 536 357 587 ab
379 537 581 602 eodem,
611 538 772 588 verbo
804 537 821 567 ‘
842 539 1076 603 ocrem,'
1106 541 1316 592 Tertius
1354 543 1580 605 *wax-1⁹,
1605 557 1639 593 a
1657 544 1924 608 sosipatro
1945 546 2037 598 lib.
2059 560 2097 598 r·
2123 564 2176 614 p.
2201 553 2314 602 108.
2380 552 2492 602 Pu·

285 618 463 668 dentis
486 618 828 670 Grammatici
850 620 1155 686 discipulum
1179 637 1237 672 se
1258 622 1420 675 fuisse
1438 625 1552 687 ipse
1576 623 1854 689 profitetur
1870 627 1923 676 in
1946 628 2283 695 inscriptione
2311 640 2489 684 vetere

288 698 434 760 apud
461 699 681 750 Gruter.
708 715 760 763 p.
783 704 901 750 668.

354 780 549 829 Atticus
566 781 752 831 Julius.
818 781 975 832 Hunc
1016 783 1094 832 sui
1130 786 1378 849 temporis
1414 786 1741 850 scriptorem,
1775 794 1831 838 et
1871 788 2028 840 Corn.
2060 791 2212 841 Celso
2234 794 2487 858 aqualem

280 869 440 911 vocat
460 861 779 911 Columella:
817 863 1145 930 eundemque
1170 867 1244 916 ait
1266 881 1306 916 1.
1330 871 1372 915 l.
1396 881 1447 931 p.
1473 871 1554 916 18.
1575 867 1644 916 de
1664 881 1767 917 uua
1786 869 1962 933 specie
1983 871 2202 923 cultnrae
2224 873 2488 937 pertinen·

282 940 351 990 tis
375 942 438 990 ad
465 942 596 992 vit‘es
614 943 927 1006 singularem
945 944 1135 995 librum
1158 945 1406 997 edidisse.

351 1022 548 1072 Atticas
564 1023 869 1085 Pomponius.
936 1024 1079 1075 Huic
1098 1025 1246 1076 Titus
1275 1041 1575 1091 prenomen
1596 1026 1732 1078 suite
1766 1029 1906 1079 idem
1920 1038 2040 1094 post
2063 1032 2398 1097 adoptionem
2417 1037 2486 1089 Q.

281 1102 525 1152 Caecilius
546 1103 930 1167 Pomponiauus
954 1105 1163 1156 Atticus
1183 1114 1409 1157 vocatus.
1474 1109 1744 1159 Ciceronis
1783 1108 2138 1163 familiaritate
2175 1115 2488 1168 notissimus.

282 1183 514 1247 Scripsit
535 1184 601 1233 de
640 1184 863 1235 virorum
902 1186 1179 1237 illustrium
1213 1188 1541 1253 imaginibus,
1582 1196 1718 1240 teste
1740 1190 1914 1242 Plinio
1936 1206 2115 1244 xxxv.
2137 1199 2187 1245 2.
2244 1196 2488 1248 citantur

282 1264 402 1327 ejus
423 1263 652 1314 Annales
675 1265 740 1314 ab
765 1264 990 1317 Asconio
1019 1268 1244 1318 Pediano
1267 1270 1317 1318 iu
1341 1269 1497 1319 Orat.
1519 1271 1688 1321 Cicer.
1711 1271 1763 1320 in
1786 1272 1963 1324 Pison.
1987 1289 2039 1339 p.
2060 1279 2108 1324 6.

347 1346 599 1407 Augustus
622 1347 804 1395 Coesar.
866 1347 1154 1411 Scripsisse
1177 1364 1291 1398 eum
1316 1350 1382 1399 de
1405 1350 1531 1400 Vita
1557 1365 1648 1400 sua
1683 1351 1842 1402 libros
1866 1366 1993 1403 xm.
2029 1361 2212 1406 auctor
2250 1365 2330 1408 est
2355 1359 2485 1409 Sue·

280 1426 456 1475 tonius
471 1426 525 1475 in
551 1425 816 1491 Augustos
851 1428 991 1477 unde
1014 1428 1318 1492 decerptum
1357 1430 1482 1479 illud
1518 1430 1657 1495 qnod
1690 1431 1894 1482 Plinius
1918 1432 2084 1485 refert
2113 1449 2174 1485 11.
2196 1441 2277 1488 28.
2304 1441 2410 1491 etsi
2428 1439 2484 1488 id

284 1506 498 1571 quidem
520 1521 620 1556 non
640 1512 822 1571 aperte
840 1508 1042 1558 Plinius
1064 1508 1318 1573 significet
1341 1526 1354 1560 τ
1390 1511 1483 1560 sed
1508 1527 1572 1560 ex
1598 1512 1767 1562 Baebii
1790 1512 1960 1563 Macri
1983 1515 2156 1565 verbis
2180 1521 2484 1580 agnoscitur

281 1587 423 1650 apud
446 1588 681 1637 Servium
696 1587 748 1637 iu
772 1588 968 1652 Georg.
982 1603 1021 1639 ι.
1037 1590 1218 1641 eadem
1235 1607 1303 1642 ex
1318 1606 1383 1641 eo
1402 1605 1563 1654 opere
1580 1593 1857 1643 narrantis.
1891 1593 2068 1644 Hosce
2083 1601 2480 1650 commentarios

280 1682 458 1718 rerum
480 1682 686 1718 suarum
723 1668 788 1718 ad
832 1668 1114 1734 Agrippam
1153 1678 1209 1722 et
1247 1672 1596 1723 Maecenatem
1632 1672 1914 1737 inscripsit,
1954 1681 2090 1725 teste
2114 1676 2396 1729 Plutarcho
2426 1682 2481 1731 iu

280 1751 453 1800 Cicer.
479 1764 532 1812 p.
556 1753 671 1800 887.
694 1757 750 1800 et
775 1749 827 1799 in
851 1750 1079 1802 Antonio
1103 1768 1153 1816 p.
1174 1756 1291 1803 947.
1325 1755 1547 1818 Scripsit
1567 1761 1624 1805 et
1646 1754 1964 1804 Breviarium
1992 1756 2154 1807 totius
2170 1757 2390 1824 imperii,
2413 1761 2483 1811 de

280 1844 385 1894 qno
408 1829 544 1880 idem
566 1830 846 1881 Suetonius
869 1845 987 1895 cap.
1012 1832 1106 1884 ult.
1140 1833 1396 1884 Notitiam
1426 1834 1630 1897 imperii
1657 1835 1912 1898 posterior
1932 1840 2059 1886 oetas
2083 1846 2335 1889 vocasset.
2399 1841 2482 1890 Ex

276 1911 390 1976 ejus
413 1912 799 1965 commentariis
820 1914 1247 1976 compositionem
1266 1915 1519 1965 medicam
1543 1915 1795 1965 exscribit
1815 1923 1873 1966 et
1895 1915 2072 1965 laudat
2089 1917 2290 1968 Plinius
2300 1921 2479 1971 valer.

279 1993 346 2040 de
371 1991 450 2040 Re
473 1990 619 2040 Med.
642 2004 682 2040 r·
704 1994 784 2041 18.
855 1992 1069 2061 Librum
1098 1994 1444 2058 Epistularum
1470 1997 1544 2047 D.
1582 1995 1831 2059 Augusti,
1854 2009 1982 2060 quas
2014 1995 2083 2045 ad
2106 1997 2287 2048 Caium
2320 2013 2482 2062 nepo·

278 2079 388 2201 {em
411 2086 560 2121 suum
595 2070 831 2136 scripsit,
848 2072 1065 2123 laudant
1101 2074 1452 2126 Quintilianus
1485 2090 1525 2127 1.
1553 2079 1603 2125 6.
1630 2090 1680 2140 p.
1704 2079 1788 2126 60.
1822 2075 2025 2126 Gellius
2063 2089 2159 2127 xv.
2199 2081 2248 2126 7.
2289 2092 2341 2141 p.
2364 2083 2478 2128 80⁷.

305 2152 420 2201 Ἧι).
440 2164 603 2202 xvm.
627 2156 710 2203 88.

1345 2337 1408 2386 Β.

348 2457 539 2516 Boeton,
563 2460 742 2511 Βαίτων
764 2459 1019 2514 Atheuaeo
1045 2461 1136 2512 lib.
1157 2475 1214 2512 x.
1249 2477 1301 2526 p.
1335 2466 1450 2513 442.
1486 2463 1746 2514 dimensor
1785 2465 2027 2515 itinerum
2066 2463 2371 2526 Alexandri,
2392 2463 2477 2513 cui

277 2552 453 2588 comes
476 2540 597 2605 fuit,
621 2543 671 2591 in
696 2558 759 2592 eo
781 2543 914 2593 libro
935 2557 1085 2608 quem
1123 2544 1407 2606 inscripsit,
1429 2543 1636 2604 Σταθμοὶ
1674 2547 1762 2603 τῆς
1790 2543 2099 2609 Ἀλεξάνδρον
2116 2543 2321 2609 πορείας,
2362 2544 2480 2594 Sta·

277 2621 433 2670 tiones
458 2623 797 2684 Expeditionis
817 2623 1104 2674 Alexandri.

342 2703 582 2753 Bacchius
606 2706 848 2768 Milesius,
866 2705 1087 2755 Varroni
1109 2711 1164 2755 et
1181 2705 1480 2756 Columellae
1504 2706 1744 2757 laudatus
1768 2708 1905 2757 inter
1921 2708 2203 2771 scriptores
2222 2707 2319 2757 Rei
2344 2706 2480 2756 Rus-

277 2786 424 2848 tieae,
447 2800 484 2834 r·
511 2791 558 2835 l.
593 2784 740 2835 Idem
764 2784 1016 2842 fortassis,
1056 2799 1118 2835 ac
1141 2785 1506 2850 Herophileusr
1529 2787 1616 2837 ille
1654 2788 1905 2850 medicus,
1938 2802 2090 2852 quem
2136 2787 2478 2851 Hippocratis

272 2866 439 2915 libros
459 2862 870 2929 Epidemiorum‚
893 2873 947 2915 et
968 2865 1269 2916 obscuriora
1291 2868 1408 2916 loca
1432 2868 1836 2919 Commentariis
1858 2869 2159 2933 illustrasse,
2182 2874 2364 2918 auctor
2396 2873 2480 2917 est

277 2947 515 2997 Galenus
538 2947 735 2998 Comm.
761 2961 801 2996 1.
824 2948 874 2996 in
898 2947 934 2995 l.
956 2961 1036 2997 vr.
1071 2947 1333 3011 Hippocr.
1353 2947 1596 3010 Epidem.
1616 2954 1870 3016 tomolu.
1892 2964 1946 3013 p.
1968 2952 2083 2998 864.

343 3027 549 3076 Basilis.
610 3026 758 3077 Inter
787 3041 878 3078 eos
916 3027 1004 3091 qui
1034 3026 1310 3090 AEtbiopiae
1344 3041 1634 3076 mensuram
1665 3028 1832 3077 literis
1863 3027 2234 3091 consignarunt
2270 3026 2354 3076 hic
2388 3039 2479 3074 an-

268 3117 579 3158 numeratur
614 3122 645 3157 a
679 3107 854 3157 Plinio
884 3119 959 3157 vr.
985 3111 1069 3158 86.
1135 3105 1222 3157 Ab
1254 3106 1644 3169 Agatharchide
1681 3106 1746 3155 de
1779 3106 1957 3156 Rubro
1987 3107 2124 3156 Mari
2149 3120 2196 3157 c.
2220 3109 2301 3154 81.
2339 3105 2479 3168 apud

272 3189 523 3238 Pltotium
544 3188 597 3236 in
619 3187 757 3236 Bibl.
781 3201 833 3250 p.
858 3190 1002 3237 1860.
1026 3184 1142 3237 cod.
1166 3190 1281 3236 260.
1304 3187 1440 3236 inter
1461 3200 1549 3235 eos
1571 3187 1659 3250 qui
1691 3186 1903 3236 orientis
1937 3185 2053 3236 loca
2073 3185 2480 3249 descripserunt,

272 3268 492 3333 Βάσιλις,
514 3267 592 3319 καὶ
609 3268 872 3324 Ἑκαταῖος,
892 3284 938 3316 κ.
952 3284 1000 3317 r.
1015 3275 1067 3318 λ.
1109 3269 1354 3331 Denique
1377 3281 1443 3316 ex
1461 3266 1691 3329 ejusdem
1715 3265 1850 3316 libro
1866 3266 2094 3316 secundo
2117 3265 2308 3330 Rerum
2333 3263 2477 3314 Iudi-

272 3362 455 3400 cat-um
478 3350 720 3398 nonnulla
743 3345 906 3397 refert
928 3347 1209 3413 Athenaeus
1230 3347 1321 3396 lib.
1345 3360 1427 3396 tx.
1453 3360 1506 3410 p.
1528 3350 1642 3396 890.

342 3429 526 3479 Bassus
561 3430 862 3492 Calpurnius,
902 3426 980 3476 sic
1010 3427 1144 3476 enim
1188 3427 1238 3475 in
1282 3427 1498 3476 vetustis
1537 3424 1773 3475 omnibus
1815 3425 2065 3490 Inscript.
2106 3425 2297 3488 legitur
2338 3427 2476 3490 apud

274 3511 495 3563 Gruter.
517 3524 618 3560 uon
650 3510 728 3560 uti
751 3509 903 3572 vulgo
938 3508 1271 3572 calphurnius.
1337 3507 1603 3559 Laudatur
1624 3507 1677 3557 in
1699 3506 1881 3558 Indice
1904 3507 2147 3558 Pliniano
2169 3506 2258 3556 lib.
2281 3518 2394 3556 xvi.
2420 3514 2478 3556 et

272 3607 331 3642 se
371 3592 622 3642 nentium.

336 3608 530 3722 {assus
545 3671 726 3721 Julius.
767 3669 914 3720 vixit
930 3669 1012 3720 bic
1029 3670 1249 3733 Augusti
1269 3668 1585 3732 temporibus
1602 3684 1616 3716 ε
1652 3682 1713 3718 ac
1729 3667 1855 3717 licet
1871 3666 2022 3716 bomo
2038 3666 2271 3723 Latinus,
2286 3664 2475 3714 Graece

273 3761 454 3803 tamen
488 3752 557 3802 de
588 3753 667 3802 Re
699 3750 914 3801 Medica
941 3750 1171 3812 scripsit,
1191 3756 1328 3799 teste
1359 3747 1676 3800 Dioscoride
1710 3747 1761 3796 iu
1796 3745 2013 3795 Praefat.
2036 3746 2087 3795 in
2115 3760 2215 3810 qua
2237 3742 2425 3794 Βάσσος
2451 3746 2478 3792 ὁ

273 3833 490 3889 Tabam,
512 3848 613 3883 non
648 3834 676 3880 ὁ
703 3824 872 3882 ‘rimus
905 3831 987 3880 vel
1017 3832 1234 3886 Τνλαῒος,
1257 3830 1334 3878 uti
1367 3836 1425 3878 et
1460 3828 1599 3891 apud
1636 3826 1826 3890 Epipb.
1862 3825 1981 3877 adv.
2014 3826 2222 3874 Haeres.
2243 3837 2282 3873 1.
2303 3827 2352 3874 8.
2386 3824 2477 3874 ubi

273 3916 395 3978 ejus
427 3913 576 3964 Bassi
599 3913 851 3971 meminit,
872 3912 1011 3961 iuter
1041 3911 1267 3974 insignes
1300 3909 1548 3972 medicos,
1569 3908 1672 3973 legi
1693 3913 1937 3970 oportere
1957 3905 2198 3957 viderunt
2229 3910 2352 3954 ante
2384 3918 2477 3954 nos

275 3995 489 4046 eruditi.
553 3996 723 4047 Julius
745 3996 937 4044 Bassus
958 4008 989 4043 a
1007 3992 1276 4043 Scribonio
1298 3991 1540 4041 laudatur
1561 3991 1615 4038 iu
1639 3990 1881 4052 Compos.
1903 3991 1985 4036 29.

342 4075 570 4125 Berosus.
636 4077 761 4126 Non
792 4075 956 4124 Mosis
989 4073 1075 4123 ille
1108 4071 1445 4136 temporibus,
1467 4077 1530 4121 ut
1559 4069 1768 4136 quidam
1802 4071 2056 4128 statuunt,
2078 4064 2169 4115 sed
2192 4064 2479 4115 Alexandri

275 4156 355 4205 M.
378 4157 607 4219 aequalis,
631 4163 691 4205 nt
724 4155 878 4205 docet
912 4153 1165 4203 Eusebius
1195 4153 1288 4202 lib.
1309 4165 1364 4202 x.
1399 4152 1635 4214 Praepar.
1657 4164 1710 4214 p.
1733 4152 1851 4198 498.
1917 4146 2135 4210 Scripsit
2157 4145 2477 4208 Babylonica

273 4237 388 4286 sive
413 4235 709 4290 Chaldaica,
727 4230 827 4285 hoc‘
845 4240 949 4297 est,
967 4233 1032 4283 de
1052 4231 1219 4298 patria
1242 4246 1334 4281 sua
1354 4230 1499 4280 libris
1523 4229 1708 4288 tribus,
1729 4235 1863 4280 teste
1886 4226 2107 4278 Tatiauo
2127 4230 2307 4276 contra
2325 4225 2478 4275 Grae-

410 4316 591 4380 Delph.
607 4320 656 4366 et
676 4315 793 4366 Vur.
821 4316 951 4365 Clas.
1287 4312 1503 4362 Plinius.
1553 4368 1562 4375 ¹
2223 4310 2283 4355 14
2317 4306 2345 4355 1
