3000 4917
864 422 1040 470 Nar.
1087 420 1286 471 mer.
1337 422 1481 470 ms.
1529 421 1815 473 xxxiv.
1860 407 1968 473 12.
2345 409 2528 477 4435

323 563 412 631 ibi
472 563 751 628 Curiam
798 563 1071 629 faceret.
1159 562 1545 648 Min-umque
1584 572 1708 643 est,
1745 565 1901 633 illos
1947 570 2180 651 patres
2201 567 2471 634 Socrati
2496 578 2520 606 ‘²

326 665 585 732 cunctis
617 665 706 729 ab
736 665 978 730 eodem
1009 665 1160 730 Deo
1190 666 1530 748 sapientia
1557 668 1837 751 praelato
1869 668 2312 751 Pythagoram
2342 683 2520 753 proe-

325 768 579 844 tulisse,
620 774 743 831 aut
806 774 917 831 tot
978 767 1135 831 aliis
1184 768 1424 833 virtute
1474 767 1927 847 Alcibiadem,
1981 776 2097 833 aut
2139 787 2520 855 quenquam

326 874 603 950 utroque
621 880 650 906 ⁴·
691 867 1160 933 Themistocli.
1250 867 1723 934 Columnarum
1755 868 1924 935 ratio
1966 875 2132 949 erat,
2158 872 2382 938 attolli
2409 891 2522 937 su-

325 988 442 1051 pra
465 975 732 1033 ceteros
775 971 1136 1034 mortales:
1182 968 1367 1053 quod
1393 975 1462 1034 et
1503 989 1700 1035 arcus
1728 970 2110 1054 significant
2131 974 2386 1038 novitio
2419 975 2527 1038 in-

252 1141 255 1144 ,
323 1076 540 1135 vento.
632 1069 905 1134 Primus
952 1077 1170 1134 tamen
1214 1070 1428 1134 honos
1472 1072 1682 1155 coepit
1725 1090 1770 1136 a
1817 1071 2111 1139 G'raecis.
2198 1072 2523 1159 Nullique

324 1173 610 1235 arbitror
643 1171 875 1254 plures
904 1177 1159 1236 statuas
1189 1172 1474 1249 dicatas,
1522 1191 1723 1256 quam
1773 1173 2112 1264 Phalereo„
2143 1174 2480 1242 Demetrio
2497 1172 2526 1211 ‘¹

329 1271 633 1336 Athenis.
725 1272 1068 1356 Siquidem
1100 1279 1397 1338 ὀσοωζθ
1443 1281 1768 1352 statuere,
1798 1274 2091 1339 nondum
2131 1295 2306 1341 anno
2352 1277 2526 1341 hunc

323 1392 672 1438 numerum
714 1372 965 1438 dierum
999 1373 1393 1451 excedente,
1435 1394 1609 1458 quas
1652 1393 1814 1440 mox
1869 1374 2295 1442 laceravere!
2373 1377 2527 1443 Sta-

319 1480 633 1539 tuerant²
676 1472 921 1539 Romae
960 1475 1167 1540 etiam
1215 1475 1287 1538 in
1332 1477 1646 1540 omnibus
1673 1478 1846 1542 vicis
1896 1477 1978 1543 C.
2019 1477 2246 1544 Mario
2298 1474 2525 1544 Grati·

385 1642 408 1664 ⁰
446 1635 668 1699 Utraque
688 1638 846 1689 hude-

1247 1734 1615 1756 OOOOOOOOOOO

319 1830 474 1893 credo,
503 1844 566 1879 ne
587 1795 839 1896 Syna—2
873 1830 961 1882 Ita
1000 1847 1066 1883 ex
1102 1808 1269 1886 codd:
1291 1834 1596 1886 Harduinus
1629 1841 1685 1885 et
1726 1841 1946 1886 reeentt.
2005 1834 2254 1899 Siquidem
2273 1829 2538 1916 CCCLX.

1325 1982 1542 2032 NOTAE

381 2080 405 2107 ‘-
436 2074 664 2137 Soet-ati]
697 2076 833 2126 Vide
859 2091 1015 2141 supra
1038 2091 1138 2128 vu.
1162 2083 1246 2127 31.

384 2150 408 2183 ‘¹
439 2152 723 2215 Demetrio]
756 2152 983 2218 Agamus
1005 2153 1071 2203 de
1092 2169 1155 2204 eo
1178 2156 1229 2203 in
1252 2153 1392 2206 Aue-

327 2234 495 2275 torum
522 2227 730 2277 Indice.

384 2310 407 2335 θ
435 2299 694 2365 Siqtu‘dem
737 2303 1012 2367 CCCLX-J
1047 2304 1134 2355 Ita
1173 2303 1307 2369 Reg.
1343 2308 1395 2355 2.

322 2377 471 2441 colb.
514 2384 568 2429 8.
609 2394 892 2445 omnesque
929 2381 1074 2431 editi.
1139 2381 1309 2432 Varro
1343 2398 1393 2431 a·

322 2453 426 2515 pud
475 2454 711 2504 Nonium
749 2457 825 2504 sic
866 2456 1115 2521 seriptum
1154 2457 1394 2522 reliquit:

322 2528 337 2553 ‘
362 2526 465 2578 Hie
492 2529 798 2580 Demetrius
823 2546 991 2582 eneas
1012 2540 1094 2582 tot
1112 2532 1256 2597 aptu’
1297 2540 1398 2595 est,

324 2599 465 2654 Quot
503 2605 652 2654 luces
691 2620 853 2655 annus
893 2605 1053 2657 habet
1092 2608 1396 2660 absolutus.’

321 2677 541 2729 Modum
565 2680 686 2730 nuni
711 2681 892 2731 Graeci
925 2681 1085 2731 fuisse
1122 2690 1232 2732 tum
1268 2690 1394 2734 tem·

323 2755 463 2816 poris
487 2755 693 2806 dierum
717 2756 976 2809 duntaxat
1003 2759 1261 2811 CCCLX.
1285 2769 1393 2810 tum

323 2843 389 2886 ex
410 2827 514 2895 his,
533 2832 894 2898 similibusque
927 2834 1255 2900 testimoniis,
1287 2843 1396 2886 tum

324 2901 388 2953 ex
431 2907 678 2956 Cleobuli
725 2908 1026 2973 aenigmate,
1071 2909 1208 2975 quod
1256 2909 1394 2975 apud

325 2977 592 3031 lanei-tium
618 2990 714 3045 est,
735 2985 904 3047 colligi
940 2990 1129 3049 putant
1164 2983 1398 3036 nonnulli

323 3065 468 3123 recte
493 3072 667 3121 posse.
736 3060 832 3109 Est
856 3059 995 3109 enim
1020 3057 1273 3123 ejusmodi
1299 3062 1397 3110 La·
1422 3089 1427 3093 ·

328 3131 434 3179 tine
468 3133 755 3188 ,redditum
782 3150 796 3180 ε
847 3135 863 3162 ‘
888 3134 1133 3184 Bissenos
1190 3136 1399 3199 genitor

324 3212 473 3255 natos
493 3207 655 3258 habet
681 3223 837 3259 unus:
874 3216 931 3259 at
953 3209 1132 3259 horum
1153 3209 1255 3261 Ter
1276 3218 1398 3261 suut

324 3281 512 3346 cuique
547 3282 735 3333 decem
773 3290 930 3348 natae,
954 3286 1184 3336 variante
1212 3285 1396 3350 figura.

326 3355 538 3422 Quippe
573 3356 690 3408 aliis
733 3360 874 3410 color
918 3368 1000 3410 est
1043 3360 1209 3417 albus,
1248 3361 1396 3426 niger

324 3431 519 3482 inditus
555 3433 694 3486 illis:
732 3436 1034 3488 Immortale
1071 3453 1236 3501 genus
1277 3454 1396 3490 eum

324 3509 445 3569 sint,
465 3509 756 3560 moriuntur
782 3513 1052 3576 utreque)
1121 3514 1238 3566 Hoc
1260 3516 1395 3566 enim

329 3586 547 3648 aenigma
589 3593 700 3636 tam
739 3602 930 3638 annum
971 3589 1155 3640 diebus
1209 3590 1397 3642 confici

328 3661 579 3712 trecentis
615 3671 672 3712 et
706 3677 792 3713 nx.
818 3680 972 3730 quam
1003 3667 1231 3731 singulos
1256 3684 1396 3719 men-

327 3741 412 3784 ses
433 3738 649 3788 tricenis
676 3743 952 3804 perspicue
977 3743 1258 3807 signifieat.
1293 3746 1394 3795 Ve-

327 3825 441 3860 rum
483 3813 550 3861 ad
598 3828 662 3863 ea
705 3816 1032 3868 nihilominus
1086 3822 1394 3884 scriptorum

329 3895 562 3937 veterum
603 3892 900 3940 testimonia
945 3896 1022 3943 sie
1067 3896 1392 3959 excipimus=

329 3974 514 4033 aninum
533 3962 839 4015 Graeeorum
862 3968 1115 4030 ejusmodi
1139 3969 1320 4034 fuisse,
1338 3982 1398 4023 ut

327 4035 451 4088 licet
473 4037 661 4088 diebus
699 4041 1059 4094 absolveretur
1090 4046 1333 4098 CCCLX
1338 4048 1396 4098 V.

326 4126 445 4161 cum
499 4115 814 4181 quadrante,
857 4118 909 4167 in
955 4134 1018 4170 eo
1072 4129 1244 4171 tamen
1298 4127 1396 4175 soli

330 4187 586 4241 CCCLX.
625 4193 874 4246 ordinarii
914 4211 975 4245 ae
1021 4198 1217 4262 proprii
1255 4214 1395 4250 eom·

330 4264 468 4313 muni
513 4266 722 4329 judicio
775 4281 1149 4336 censerentur3
1194 4274 1413 4341 reliqui„

1467 2079 1614 2128 velut
1635 2077 1898 2143 appendix
1920 2076 2158 2143 quedam
2193 2080 2250 2125 et
2285 2074 2535 2138 accessio,

1469 2153 1538 2203 ab
1560 2143 1672 2217 ipso
1692 2154 1814 2202 anui
1835 2166 2050 2216 corpore
2075 2150 2274 2215 rejecti,
2297 2164 2393 2199 cen
2417 2162 2534 2213 per-

1469 2230 1634 2293 egrini
1685 2243 1747 2278 ae
1797 2225 2067 2296 superflui,
2104 2227 2434 2291 conjectique
2479 2226 2534 2275 in

1469 2306 1668 2355 calcem
1693 2306 1916 2357 auctarii
1939 2308 2070 2355 loeo.
2124 2302 2339 2367 Adjeeit
2360 2311 2535 2352 autem

1470 2381 1674 2430 Plinius
1713 2382 1956 2443 animum,
1986 2395 2103 2430 eum
2149 2392 2337 2428 annum
2383 2378 2538 2437 dicit,

1470 2455 1538 2503 ad
1579 2455 1836 2505 Julianam
1884 2454 2120 2510 formam,
2174 2460 2232 2503 et
2285 2458 2535 2503 mensium

1470 2529 1913 2586 distributionem,
1963 2531 2015 2579 in
2059 2544 2162 2594 qna
2212 2528 2264 2577 lii
2308 2529 2534 2594 quinque

1471 2606 1581 2655 dies
1600 2608 1651 2655 in
1670 2622 1858 2656 annum
1877 2608 2046 2672 ipsum
2065 2607 2264 2670 recepti
2287 2614 2427 2664 sunt,
2447 2620 2535 2655 va·

1470 2684 1666 2748 riisque
1700 2685 1962 2734 mensibus
2001 2682 2366 2746 superfusi.—‘
2394 2681 2534 2734 Hine

1470 2773 1596 2808 vero
1651 2760 1990 2824 intelligimus
2044 2760 2096 2809 in
2149 2766 2260 2809 tota
2304 2758 2533 2819 Gracia,

1471 2850 1633 2899 usque
1679 2837 1744 2885 ad
1796 2842 2033 2899 tempora
2084 2834 2305 2885 Caesaris
2354 2834 2535 2883 Dicta·

1471 2912 1621 2966 toris,
1663 2910 1825 2961 fnisse
1868 2925 2071 2962 menses
2109 2909 2337 2974 singulos
2380 2911 2537 2960 trice-

1471 3001 1594 3036 num
1617 2986 1851 3036 dierum:
1887 2987 1961 3037 ita
1991 2995 2049 3036 ιιι
2072 3001 2237 3036 annus
2260 3000 2360 3034 non
2381 2999 2535 3034 exce·

1471 3063 1624 3112 deret
1659 3077 1926 3112 numerum
1963 3063 2160 3111 dierum
2186 3059 2446 3110 CCCLX.
2476 3068 2537 3112 ut

1471 3134 1674 3187 Plinius
1705 3135 1900 3187 refert:
1938 3138 2098 3187 tertio
2129 3143 2306 3186 autem
2329 3150 2534 3201 quoque

1469 3228 1607 3263 anno
1628 3211 1961 3263 embolimum
1980 3220 2185 3276 tempus
2203 3209 2539 3273 conveniens,

1471 3290 1768 3356 quindecim
1812 3289 2057 3340 videlicet
2090 3290 2386 3339 sedecimve
2423 3288 2535 3337 die·

1471 3380 1603 3423 rum,
1625 3365 2047 3429 intersereretur,
2063 3367 2160 3414 τῶν
2173 3364 2327 3429 ὡρέων
2342 3364 2538 3426 εἵνεκεν,

1469 3449 1529 3490 ιιι
1555 3439 1630 3489 ait
1651 3437 1911 3490 Herodot.
1935 3454 1998 3491 n.
2026 3444 2076 3490 4.
2100 3440 2199 3490 hoe
2224 3448 2326 3503 est,
2348 3448 2406 3489 ut
2430 3440 2535 3489 suis

1470 3513 1876 3579 tempestatibus
1900 3530 2102 3566 menses
2126 3514 2534 3580 responderent:

1468 3592 1689 3657 hyberni
1712 3593 1902 3657 hyemi,
1924 3587 2093 3642 aes'tati
2118 3593 2301 3642 aestivi.
2357 3589 2420 3640 Iu
2437 3592 2536 3641 hoc

1469 3672 1608 3721 enim
1631 3669 1901 3736 AEgyptios
1925 3671 2127 3721 Graeeis
2149 3669 2309 3721 fuisse
2332 3669 2537 3732 sapien·

1470 3749 1631 3797 tiores
1674 3755 1855 3797 censet
1907 3746 2242 3807 Herodotus;
2276 3744 2415 3811 quod
2458 3744 2535 3793 illi

1469 3838 1572 3873 non
1595 3824 1891 3889 quindecim
1915 3823 2028 3873 dies
2061 3822 2349 3888 adjicerent
2374 3822 2534 3871 tertio

1471 3914 1679 3965 quoque
1703 3915 1861 3961 anno,
1881 3898 1972 3948 sed
2009 3899 2154 3952 annis
2188 3899 2399 3963 singulis
2422 3898 2535 3947 dies

1469 3975 1737 4041 quinque!
1772 3977 1867 4024 Ed.
1901 3974 2199 4025 sea—Vide
2234 3974 2424 4025 Petav.
2465 3973 2534 4021 de

1470 4052 1653 4102 Doctr.
1685 4052 1939 4115 Temp..1.
1958 4055 2008 4101 8.
2044 4066 2098 4114 p.
2123 4055 2204 4100 16.
2237 4057 2312 4113 et,
2346 4050 2436 4114 qui
2467 4050 2535 4098 ab

1475 4142 1538 4176 eo
1569 4126 1812 4188 dissidet,
1840 4127 2126 4177 Samuelem
2151 4125 2384 4176 Petitum
2408 4126 2535 4174 Mis·
2599 4155 2610 4162 -

1476 4203 1597 4253 cella
1623 4216 1748 4254 vm.
1772 4207 1819 4252 1.
1841 4217 1893 4266 p.
1919 4207 2032 4253 191.

1542 4274 1564 4345 ‚¹
1592 4279 1726 4335 Quat
1758 4293 1872 4329 mox
1905 4277 2191 4341 luceraoere]
2218 4274 2410 4328 Strabo
2442 4272 2534 4324 lib.
