3000 4917
780 403 844 452 c.
890 385 1135 452 an‘n
1182 400 1515 455 suenum
1566 408 1710 458 mu.
1761 409 1875 461 111.
1918 393 2096 483 (11.)

2357 403 2485 469 501
2499 403 2533 469 i

329 555 449 592 nam
470 549 527 593 et
561 543 807 607 flurium,
838 551 898 596 et
922 546 1119 606 Thur-ia,
1142 551 1197 596 et
1218 547 1389 598 Thurii
1462 550 1516 599 lo
1537 554 1661 602 aute
1685 552 1812 604 ibid‘.
1834 553 2013 618 leg'ase
2052 558 2241 622 Oppida
2257 575 2344 624 per
2376 566 2530 614 ωηιῑ.

327 633 393 667 ea
414 619 599 669 civitas
623 619 833 684 dicitur,
859 632 1073 671 auctore
1099 623 1383 686 stephano.

326 695 550 746 Pintiun.

339 793 348 800 ·
391 770 662 835 Aliquando
690 773 821 822 Siris
852 773 1082 837 vocitata]
1116 774 1273 838 Apud
1310 774 1383 825 A-

323 845 583 896 theuaeum
626 848 717 898 lib.
761 864 864 899 xn-
904 851 1127 901 Timaeus
1172 861 1229 903 et
1277 855 1384 903 Eu-

321 922 521 987 ripides
558 924 633 974 sic
671 924 865 975 dictum
891 927 1071 977 volunt
1101 944 1132 977 a
1169 931 1383 979 muliere

321 1001 586 1063 quedam:
621 1000 957 1052 Archilochus
996 1019 1117 1055 vero
1141 1021 1172 1055 a
1206 1005 1383 1059 fluvio.

325 1076 495 1127 Dulce.
1051 1079 1056 1084 ’
1310 1119 1318 1126 ,

393 1154 678 1205 Tarentinus
703 1159 989 1223 appellatur]
1023 1167 1038 1189 ‘
1060 1159 1382 1211 Herculeum

317 1230 626 1281 Tarentum'
667 1235 812 1299 Vin-g.
845 1238 1093 1300 appellat,
1132 1252 1162 1286 a
1201 1237 1381 1299 primis

317 1306 506 1356 incolis
524 1316 763 1358 vocatum
789 1310 1050 1372 Signeum‚'
1062 1312 1129 1362 ab
1147 1312 1380 1370 Ionibus,

320 1383 411 1447 qui
433 1391 550 1446 post
571 1384 890 1449 habitarunt,
913 1391 1111 1452 Πλοῖον,
1148 1389 1213 1438 ob
1237 1390 1381 1439 navi-

320 1458 544 1522 gationis
590 1463 1044 1514 commoditatem:
1093 1466 1178 1514 vel
1222 1466 1379 1530 quod,

319 1543 378 1585 ut
414 1537 487 1587 ait
522 1537 684 1587 Arist.
728 1539 833 1602 περὶ
874 1540 1138 1601 θαυμασίων
1179 1541 1379 1603 ἆκουσμ.

320 1612 577 1664 Hercules
594 1632 659 1664 ex
681 1615 857 1666 Africa
879 1619 1087 1668 rediens
1112 1618 1377 1669 obsessum

318 1697 375 1738 et
419 1699 774 1755 expugnatum
828 1709 920 1743 suo
967 1696 1174 1745 nomine
1229 1710 1380 1746 orna·

315 1766 488 1815 verit:
544 1770 626 1817 vel
679 1770 814 1833 quod
870 1772 1028 1820 Taras
1074 1773 1182 1832 eJ'us
1223 1772 1367 1822 urbis

316 1841 582 1899 conditor,
612 1845 849 1908 Neptuni
883 1846 1036 1908 filius,
1071 1847 1290 1897 Herculi
1303 1847 1380 1898 set

312 1922 456 1983 patri
477 1936 590 1970 aras
612 1923 891 1973 dicaverit:
916 1924 1033 1974 huic
1055 1932 1113 1974 ut
1130 1939 1378 1990 prospera

313 1990 462 2047 esse&
483 2000 765 2064 navigatio,
790 2001 862 2051 illi
883 2007 942 2052 ut
969 2000 1176 2051 fortiter
1197 2008 1379 2066 egeret

313 2080 371 2122 et
394 2073 699 2125 ditesceret.
766 2077 1117 2127 Quamobrem
1140 2086 1197 2128 et
1233 2094 1377 2128 num·

312 2163 397 2199 mo
409 2151 693 2201 Tarentino
707 2153 867 2202 Taras
881 2153 1127 2217 delphino
1146 2154 1375 2204 insidens

313 2226 450 2274 laeva
486 2242 639 2277 manu
678 2235 848 2292 gestat
885 2231 1231 2293 cornucopiae.
1266 2231 1377 2280 Ha-

309 2300 483 2352 drian.
505 2304 629 2354 Jun.
645 2318 686 2353 1.
704 2309 756 2357 9.
791 2305 931 2355 Vide
954 2312 1011 2355 et
1034 2306 1085 2355 H
1092 2307 1178 2356 ub.
1198 2307 1373 2358 Goltz.

313 2392 453 2442 meg.
477 2379 649 2431 Graec.
684 2382 855 2431 Dalec.

328 2467 338 2480 ·
357 2455 458 2504 *Ab
474 2470 525 2505 eo
540 2457 694 2507 Basta
710 2459 948 2521 oppidum,
965 2465 1013 2509 et
1034 2462 1372 2526 Hydruntum]

305 2530 559 2581 Diximus
603 2533 656 2582 iu
701 2537 1141 2601 commentariolo,
1186 2539 1379 2587 tumul·

306 2608 483 2658 tum-io
517 2610 691 2660 studio
714 2625 744 2659 a
767 2611 913 2661 uobis
938 2612 989 2661 iu
1028 2614 1370 2676 Pomponium

306 2684 620 2748 composito,
671 2686 877 2750 Hydrus
930 2688 1183 2738 nominari
1239 2690 1373 2740 banc

305 2760 596 2826 civitatem,
645 2775 769 2826 uon,
813 2768 871 2811 ut
914 2764 1123 2826 quidum
1164 2774 1371 2828 pluant,

304 2837 644 2900 Hydruntum.
692 2840 826 2889 Nam
842 2840 886 2916 si
907 2840 1217 2904 Hydruntum
1230 2840 1371 2890 dice-

303 2923 473 2973 retur,
509 2930 834 2982 nequaquem
867 2920 1021 2979 paulo
1045 2923 1168 2981 post
1189 2933 1370 2981 seque-

301 2995 474 3048 retur.
509 2997 525 3021 ‘
548 2991 633 3042 Ab
678 2993 962 3057 Hydrunte
999 2994 1235 3044 Soletum
1281 2995 1372 3043 de-

307 3068 546 3126 sertum‚’
581 3075 635 3119 et
657 3085 779 3119 mox
801 3069 817 3096 ‘
841 3070 1194 3119 Brundusium
1231 3084 1279 3118 1..
1306 3084 1369 3120 ss.

301 3160 553 3211 passuum
584 3147 650 3196 ab
675 3143 996 3210 Hydrunte?
1059 3146 1254 3196 Omnes
1277 3145 1369 3195 de·

296 3224 464 3287 nique
489 3223 771 3285 geographi
806 3228 862 3271 et
894 3222 1127 3271 historici
1148 3223 1368 3287 Hydrus,

299 3312 413 3348 non
438 3298 608 3358 aliter,
632 3298 931 3347 enunciant.
967 3298 1185 3347 Pintiun.

377 3374 489 3430 Qua
519 3373 572 3423 in
596 3374 840 3422 Graecium
872 3374 1170 3422 brevissimus
1191 3376 1369 3430 transi·

300 3456 404 3500 tus.
463 3450 548 3499 Ex
586 3451 782 3499 adverso
831 3451 1083 3511 Apollonia
1121 3450 1367 3513 oppidum]

303 3525 536 3584 Codices
559 3517 709 3575 ambo
733 3526 914 3588 scripti
942 3541 1005 3574 ea:
1026 3527 1217 3575 adverso
1252 3542 1366 3576 cum

297 3604 505 3654 minore
537 3603 692 3653 litera
726 3604 922 3666 legunt,
962 3609 1016 3652 et
1051 3604 1367 3666 conjunctim

300 3694 424 3732 cum
470 3679 839 3742 superioribus,
894 3679 1195 3742 adduntque
1243 3695 1369 3740 cum,

306 3756 413 3804 hoc
443 3754 626 3804 modo:
661 3769 754 3817 qun
785 3754 838 3801 in
878 3754 1116 3802 Groecium
1152 3755 1367 3803 brevissi·

303 3846 418 3880 mus
439 3834 689 3894 transitus,
710 3845 773 3880 ex
787 3832 983 3879 adverso
1001 3831 1249 3893 Apollonia
1265 3847 1369 3881 cum

302 3908 487 3970 oppidi.
547 3908 752 3970 Scribe,
783 3922 873 3970 qua
908 3908 959 3955 in
996 3909 1235 3966 Groecidm
1268 3909 1369 3958 bre·

305 3974 535 4032 missimus
557 3985 807 4039 transitus,
829 3999 892 4031 ex
912 3986 1105 4032 adverso
1124 3982 1367 4045 Apolloni-

303 4064 441 4108 atum
460 4059 649 4122 oppidi.-
673 4065 797 4108 nota
815 4074 915 4121 res,
939 4073 1037 4109 nec
1060 4060 1367 4109 testimoniis

302 4133 676 4184 confirmanda.
710 4136 863 4183 Idem.

331 4204 337 4212 '
375 4210 715 4259 Pediculorum
735 4212 922 4273 oppida,
962 4211 1169 4266 Rhudiu,
1207 4212 1369 4272 Egna-

302 4287 404 4352 tia]
438 4288 597 4352 Lege,
649 4287 842 4353 Rudiae,
872 4288 1076 4341 Gnatia.
1143 4289 1213 4339 Et
1246 4303 1370 4353 pau·

1459 632 1649 677 nentem
1681 645 1713 678 a
1740 629 1964 680 Tarento.
2036 634 2159 684 Uria
2197 635 2334 700 (quia
2356 654 2531 701 eogno-

1457 704 1604 753 minis
1651 706 1848 771 Apuloe)
1895 708 2160 776 Messapia,
2204 713 2531 768 Sarmadium.

1460 781 1525 829 In
1567 796 1652 830 oru
1689 797 1797 831 vero
1815 821 1820 826 .
1841 782 2066 848 Suiinum,
2121 789 2386 853 Callipolis,
2421 786 2530 854 ἐμω

1455 871 1582 906 nune
1616 864 1690 907 est
1712 861 1876 922 Anxa,
1908 862 2093 913 LXII.
2130 864 2281 913 millia
2308 882 2530 929 passuum

1456 948 1488 981 a
1514 933 1735 984 Tarento.
1771 936 1819 985 1.
1853 937 2003 987 Voss.
2024 938 2079 987 in
2103 940 2316 997 Melam,
2333 956 2385 1004 p.
2416 946 2531 992 165.

1460 1011 1794 1064 Pediculorum
1816 1014 1988 1077 oppidu
2010 1016 2191 1080 Rudia]
2224 1018 2527 1082 Legendum

1457 1100 1673 1138 numero
1709 1089 2010 1150 multorum,
2050 1094 2242 1151 Rudioe,
2286 1110 2352 1143 ex
2384 1095 2527 1145 Stra·

1459 1160 1614 1226 bone,
1637 1164 1948 1230 Pomponio,
1970 1167 2114 1225 Silio,
2137 1169 2382 1221 Eusebio.
2420 1173 2527 1222 Po-

1454 1237 1666 1288 litiauus
1703 1254 1910 1305 quoque
1948 1251 2128 1293 noster
2162 1245 2212 1294 iu
2255 1246 2523 1297 Nutritia:

1456 1312 1474 1341 ‘
1498 1314 1667 1364 Quem
1692 1316 1875 1366 Rudiis
1913 1326 2083 1368 ortum
2123 1321 2273 1384 rigidi
2307 1337 2527 1374 censura

1458 1391 1708 1442 Catonis?
1772 1395 2002 1445 Proinde
2024 1398 2389 1461 corrigendum
2407 1391 2527 1451 viti-

1454 1480 1599 1515 osum
1656 1469 1930 1518 Ptolemaei
1985 1473 2268 1537 exemplar,
2311 1474 2364 1523 in
2420 1490 2524 1539 quo

1454 1543 1621 1592 Rudiu
1656 1558 1752 1609 pro
1774 1545 1952 1595 Rudioe
1976 1547 2227 1612 scriptum
2250 1556 2349 1600 est.
2405 1551 2523 1600 Pin-

1456 1618 1578 1668 tiun.
1630 1633 1635 1638 ·
2460 1647 2468 1656 ·

1520 1693 1653 1744 Ante
1677 1696 1858 1762 Iapyx]
1914 1699 1978 1748 Iu
2015 1701 2251 1751 exercitu
2275 1703 2466 1753 Minois
2488 1719 2521 1754 a

1456 1770 1649 1821 Caeculi
1685 1773 1886 1824 filiabus
1920 1778 2075 1827 occisi
2111 1778 2163 1827 in
2200 1779 2376 1829 Sicilia
2412 1779 2520 1829 dux

2430 1623 2435 1630 ι

1454 1854 1696 1900 strenuus
1720 1851 1892 1915 Iapyx
1915 1851 2036 1918 fuit,
2061 1854 2274 1905 Daedali
2312 1863 2370 1906 et
2392 1857 2521 1907 Cre·
2620 1906 2627 1909 ,

1456 1926 1622 1975 tensis
1663 1928 1892 1977 mulieris
1931 1928 2084 1978 filins.
2148 1931 2277 1980 Post
2314 1931 2518 1984 obitum

1453 2001 1589 2064 regis
1612 2003 1859 2053 collectas
1882 2001 2143 2056 exercitus
2167 2007 2409 2071 reliquias
2436 2011 2517 2056 16.

1453 2077 1508 2126 in
1526 2076 1768 2142 Apuliam
1794 2080 2047 2146 traduxit,
2070 2087 2124 2130 et
2144 2097 2175 2131 u
2194 2098 2287 2133 suo
2309 2084 2518 2132 nomine

1453 2167 1571 2203 eum
1599 2155 1766 2206 Italiae
1792 2162 2018 2207 tractum
2047 2160 2268 2209 vocavit.
2320 2160 2514 2210 Strabo

1451 2230 1811 2294 apudAtbeu.
1845 2235 1879 2281 l.
1912 2248 2019 2285 κη.
2054 2237 2315 2299 ‘Iapyges
2341 2244 2516 2300 poste·

1450 2305 1495 2353 ri
1518 2304 1729 2356 fuerunt
1753 2309 2099 2372 Cretensium,
2129 2311 2212 2374 qui
2238 2311 2515 2375 Glaucum,

1448 2395 1566 2430 cum
1605 2382 1657 2431 in
1693 2397 1837 2434 mare
1879 2400 1934 2436 se
1953 2386 2268 2450 deiecisset,
2308 2401 2406 2436 uec
2430 2395 2516 2437 us-

1449 2472 1601 2521 quam
1633 2466 1940 2524 emergeret,
1980 2463 2252 2525 quaesitum
2288 2476 2318 2512 e
2353 2463 2517 2513 Creta

1448 2530 1832 2584 discesserunt.’
1866 2537 2038 2587 Doleo.

1513 2607 1734 2674 Salapia]
1771 2611 2040 2674 Oppidum
2065 2614 2117 2663 id
2141 2628 2173 2664 e
2210 2616 2324 2665 loco
2349 2618 2514 2679 pesti-

1447 2682 1597 2746 lenti,
1622 2686 1710 2748 qui
1731 2690 1781 2735 4.
1802 2687 1980 2737 millib.
2004 2702 2140 2751 pass.
2159 2704 2189 2738 a
2208 2691 2338 2739 mari
2356 2690 2515 2741 dista·

1450 2758 1558 2824 bat,
1599 2760 1654 2809 iu
1691 2762 2003 2813 maritimam
2042 2771 2099 2814 et
2137 2766 2397 2817 salubrem
2433 2781 2514 2817 se·

1448 2834 1565 2884 dem
1590 2850 1623 2885 a
1642 2837 1721 2885 M.
1750 2837 1977 2889 Hostilio
2003 2843 2308 2892 translatum
2333 2843 2513 2909 fuisse,

1449 2910 1569 2959 vide
1587 2912 1726 2973 apud
1748 2914 2043 2965 Vitruvium
2066 2931 2104 2966 1.
2124 2922 2176 2967 4.
2212 2920 2365 2968 Idem.

1515 2986 1723 3036 Teanum
1743 2987 2029 3053 Apulorum]
2062 2991 2261 3056 Apulos
2277 2995 2513 3057 rusticos,

1446 3063 1703 3125 inciviles,
1738 3067 2037 3131 inurbanus,
2071 3069 2247 3131 duros,
2271 3079 2525 3133 agrestes·

1445 3138 1608 3192 fuisse
1632 3149 1886 3193 monstrat
1923 3145 2010 3193 bie
2039 3145 2215 3195 Plauti
2255 3162 2434 3197 versus
2458 3149 2512 3199 iu

1445 3216 1607 3266 Milit.
1637 3219 1802 3268 ‘Post
1826 3220 2019 3282 Ephesi
2059 3235 2172 3269 sum
2205 3228 2377 3286 uatus,
2407 3238 2511 3274 nou

1445 3291 1500 3342 iu
1525 3291 1727 3356 Apulis,
1745 3308 1846 3343 uon
1871 3309 1983 3343 snm
2007 3295 2059 3343 iu
2073 3296 2323 3346 Umbria.'
2357 3300 2512 3349 Idem.

1513 3369 1596 3416 Itu
1632 3367 1897 3431 Apulorum
1928 3385 2106 3431 genero
2140 3372 2239 3421 triu
2257 3389 2273 3421 .-
2311 3374 2458 3423 Teuni
2479 3391 2512 3424 a

1443 3444 1584 3506 duce]
1595 3444 1934 3495 Scribeudum
1953 3448 2136 3509 opinor
2155 3448 2360 3505 Termini
2375 3453 2512 3514 duce,

1454 3519 1648 3569 Ver-ies.-
1686 3528 1743 3568 ut
1765 3520 1869 3570 siut
1895 3522 1994 3571 tria
2007 3522 2257 3574 distincta
2280 3539 2477 3587 genera
2496 3544 2512 3577 z

1445 3596 1628 3660 Teani,
1646 3596 1711 3645 ab
1727 3597 1921 3661 oppido
1942 3599 2148 3660 Teano,
2171 3614 2201 3648 a
2219 3600 2352 3650 duce
2368 3601 2522 3649 Dau-·

1446 3692 1533 3741 no,
1569 3678 1796 3739 Daunii3
1836 3678 1901 3727 ab
1925 3679 2118 3741 oppido
2141 3678 2320 3734 Varia,
2360 3679 2510 3743 cujus

1446 3756 1600 3818 paulo
1621 3760 1742 3804 ante
1767 3755 2040 3817 praecessit
2061 3756 2277 3813 mentio,
2304 3755 2507 3806 Varies.

1446 3831 1665 3881 Pintian.

1508 3907 1671 3968 Argos
1694 3906 1953 3969 Hippium]
1973 3904 2143 3969 Argos
2181 3905 2283 3955 fuit
2302 3906 2510 3956 Diome-

1444 3984 1522 4032 dis
1545 3984 1896 4047 pslria‚quam
1919 3989 1933 4010 ‘
1955 3983 2294 4046 Hippobotan
2317 3983 2511 4047 Argos'

1446 4058 1706 4107 Homerus
1737 4057 1965 4107 vocavit.
2018 4057 2156 4106 Vide
2179 4058 2510 4122 Leopardum

1444 4137 1605 4184 v.16.
1638 4134 1808 4182 Doleo.

1515 4208 1745 4272 Caudini]
1782 4207 2033 4258 Caudium
2079 4208 2328 4271 oppidum
2367 4210 2512 4259 Sam·

1446 4287 1539 4351 nii,
1564 4287 1615 4337 in
1639 4284 1873 4337 Caudina
1895 4286 2047 4351 valle,
2078 4285 2324 4337 dirutum.
2392 4286 2511 4360 Dis-
