3000 4917
899 796 1217 872 No'rAE
1271 796 1412 871 ET
1463 794 2346 893 EMENDATmNEs

1123 1041 1259 1107 AD
1304 1043 1690 1109 LIBRUM
1736 1042 2118 1108 XXXIV.

1010 1267 1455 1342 NATURA
1467 1248 1621 1341 us
1704 1264 2246 1341 HISTORIAE

782 1504 900 1663 c.
1017 1504 1545 1614 ,PLINII

600 1985 647 2030 1.
686 1982 823 2033 CAP.
847 1997 886 2033 ι.
931 1983 1065 2032 Hinc
1097 1999 1196 2032 aera
1228 1983 1448 2044 militum,
1484 1982 1592 2031 Tri-

502 2055 505 2059 ’
534 2056 648 2106 bani
667 2059 849 2120 cerarii,
866 2064 914 2107 et
934 2058 1175 2115 ararium,
1197 2059 1409 2114 oboerati,
1429 2064 1478 2107 et
1498 2074 1594 2108 oere

533 2133 710 2195 diruti]
746 2133 809 2182 In
832 2134 974 2183 libris
999 2135 1062 2182 ad
1092 2135 1226 2183 hunc
1249 2135 1386 2182 diem
1411 2135 1590 2196 vulga·

535 2208 623 2272 tis,
656 2215 705 2258 et
725 2209 922 2258 obaerati
952 2210 1012 2258 ab
1046 2225 1140 2260 aere
1170 2209 1307 2259 dieti.
1374 2208 1435 2257 In
1462 2210 1593 2272 Reg.

533 2289 584 2334 2.
607 2285 847 2348 trajectis
881 2285 1067 2347 literis,
1087 2285 1284 2334 obaerati
1303 2298 1381 2333 ere
1401 2285 1594 2334 eruditi.

538 2359 680 2410 Nihil
732 2346 939 2410 certius*
982 2359 1345 2410 emendatione
1397 2369 1592 2417 nostra,

535 2453 689 2503 quam
728 2454 829 2488 non
874 2440 1060 2488 Festus
1109 2439 1261 2488 modo
1304 2440 1597 2502 confirmat,

534 2512 682 2579 cujus
716 2515 876 2565 verba
909 2516 1239 2565 recitavimus
1263 2517 1312 2564 in
1336 2516 1592 2579 prioribus

536 2590 712 2652 Notis,
735 2589 827 2640 sed
863 2600 919 2641 et
955 2592 1125 2641 Varro
1158 2592 1222 2640 de
1255 2592 1381 2641 Vita
1405 2591 1595 2654 Populi

532 2665 691 2726 Rom.
716 2667 804 2715 lib.
827 2680 888 2716 ιῐ.
910 2664 927 2693 ‘
944 2666 1270 2728 Stipendium
1293 2667 1594 2730 appellaba-

536 2749 641 2805 tur,
673 2741 811 2806 quod
838 2758 909 2791 aes
933 2743 1084 2792 militi
1119 2751 1368 2791 semestre
1392 2750 1482 2793 aut
1506 2757 1594 2791 an·

538 2832 693 2865 nuum
738 2816 985 2866 dabatur=
1035 2817 1120 2865 cui
1164 2816 1339 2866 datum
1381 2831 1481 2867 non
1527 2819 1598 2868 sit

535 2900 754 2957 propter
777 2893 1130 2957 ignominiam,
1163 2908 1265 2943 aere
1290 2893 1494 2942 dirutus
1518 2909 1596 2945 es-

536 2967 658 3018 set.’
705 2969 840 3018 Usus
868 2983 993 3018 voce
1014 2984 1078 3018 ea
1093 2969 1289 3018 Tullius
1311 2970 1363 3017 in
1378 2970 1596 3019 Verrem

536 3058 637 3095 vn.
663 3049 744 3094 33.
779 3050 794 3074 ‘
819 3042 1083 3094 Aleatoris
1105 3044 1398 3095 Placentini
1423 3054 1598 3096 castra

536 3121 1097 3183 commemorabuntur,
1150 3121 1203 3170 in
1246 3121 1434 3185 quibus
1478 3137 1597 3172 cum

536 3194 782 3259 frequens
818 3194 1021 3253 suisset,
1057 3204 1231 3246 tamen
1265 3211 1370 3245 aere
1395 3197 1598 3246 dirutus

540 3271 668 3322 est?
701 3272 799 3321 hoc
822 3280 918 3335 est,
953 3287 1055 3321 aere
1087 3273 1196 3322 sive
1224 3272 1485 3336 stipendio
1509 3272 1599 3322 de·

539 3345 655 3397 bito
679 3347 976 3408 mulctatus,
997 3347 1354 3411 privatusque.

604 3426 654 3471 2.
690 3420 824 3472 Ibid.
862 3423 1122 3472 Dominus
1148 3425 1370 3487 quamdiu
1399 3426 1601 3488 populus

542 3498 684 3548 Rom.
709 3514 803 3547 oere
820 3503 1003 3549 tanum
1024 3499 1215 3561 signato
1234 3514 1348 3548 usus
1370 3500 1452 3549 sit.
1501 3501 1600 3551 Sed

537 3583 587 3626 et
624 3577 720 3626 alia
754 3581 966 3626 vetustas
995 3577 1217 3639 (equalem
1244 3576 1365 3625 Urbi
1393 3580 1601 3627 auctori-

539 3656 689 3701 tatem
724 3652 825 3714 o'us
859 3652 1088 3712 declarat,
1121 3651 1226 3717 ξω]
1258 3652 1344 3700 Sic
1383 3653 1519 3716 Reg.
1551 3658 1599 3703 2.

478 3723 481 3726 ⁴
538 3727 756 3780 Joannis
788 3725 1047 3779 chiffletii„
1074 3727 1261 3788 codex,
1288 3736 1423 3779 teste
1448 3729 1600 3780 Clau·

542 3803 627 3851 dio
648 3796 811 3852 fra'tre
837 3802 900 3850 de
924 3801 1107 3867 Antiq.
1132 3803 1290 3875 N¹.¹¹¹¹·
1313 3819 1362 3853 c.
1383 3809 1431 3853 8.
1453 3811 1600 3867 p.69.

542 3878 951 3941 Interpolatores
976 3880 1027 3928 in
1052 3879 1196 3928 libris
1214 3879 1277 3927 ad
1301 3880 1437 3929 hunc
1462 3881 1598 3929 diem

541 3953 798 4014 vulgatis:
837 3967 948 4001 usus
966 3959 1104 4016 esset,
1128 3959 1176 4004 et
1197 3955 1295 4003 alia
1316 3969 1422 4017 qaoe
1442 3954 1601 4004 aetus·

542 4032 617 4076 tus
639 4027 864 4086 tradidit,
881 4043 985 4076 cum
1001 4031 1239 4093 aqualem,
1260 4032 1343 4094 850.
1396 4032 1601 4094 Nempe

543 4107 601 4150 ut
623 4103 910 4164 perspicuae
932 4118 1025 4168 per
1043 4119 1098 4154 se
1118 4106 1338 4156 orationi
1357 4106 1600 4157 tenebras

541 4175 888 4229 offunderent.

1676 1504 2443 1610 SECUNDI.

1730 1987 1780 2032 3.
1814 1982 1949 2034 Cae.
1973 1998 2050 2034 xr.
2084 1984 2199 2034 Non
2224 1985 2474 2047 prater-ibo
2512 1986 2605 2035 Gn.
2633 1986 2725 2034 Oc·

1666 2059 1860 2115 tanim,
1903 2060 1962 2108 ob
2004 2075 2150 2111 unua
2188 2060 2407 2112 verbm.-
2444 2061 2523 2109 1250
2563 2075 2725 2122 regem

1666 2134 1968 2189 Antiochum.
2002 2137 2225 2184 daturum
2248 2151 2309 2184 u
2343 2151 2616 2199 responsum
2652 2137 2723 2185 di·

1666 2217 1865 2269 centem,
1899 2211 2040 2272 virga
2077 2225 2216 2272 quam
2250 2211 2437 2260 tenebat
2463 2210 2602 2269 sorte
2634 2211 2724 2259 eir-

1666 2285 1987 2348 wmm’peit]
2021 2286 2124 2334 Hic
2141 2286 2334 2335 eruditi
2355 2301 2531 2337 omnes
2553 2287 2722 2337 Plinio

1669 2360 1834 2409 dicam
1872 2361 2125 2423 scribunt,
2164 2361 2300 2425 quod
2346 2363 2407 2411 C.
2441 2362 2725 2413 Octavium

1670 2444 1820 2485 vocet
1842 2450 1978 2493 eum,
2014 2451 2166 2500 quem
2190 2437 2251 2485 C.
2275 2438 2530 2498 Popilium
2564 2437 2727 2488 ceteri

1670 2513 1950 2577 scriptores
1979 2515 2278 2578 appellanti
2314 2515 2551 2565 Valerius
2578 2517 2761 2565 Max..

1670 2603 1747 2638 vr.
1769 2594 1817 2639 4.
1842 2605 1892 2653 p.
1913 2592 2026 2638 307.
2071 2591 2250 2640 Livius
2273 2591 2364 2641 lib.
2389 2605 2514 2642 xm.
2538 2606 2591 2655 p.
2613 2596 2728 2641 ⁶⁷5.

1669 2666 1685 2694 ⁴
1710 2667 1968 2730 Popilius,
1999 2679 2093 2728 pro
2112 2674 2290 2716 cetera
2312 2669 2598 2731 asperitate
2619 2668 2726 2719 ani-

1672 2741 1762 2802 mi,
1805 2742 1972 2804 virga,
2009 2757 2160 2806 quam
2206 2743 2259 2792 in
2298 2758 2450 2793 manu
2491 2745 2727 2807 gerebat,
2762 2754 2771 2761 ·

1670 2817 2077 2881 circumscripsit
2099 2833 2292 2882 regem,
2322 2821 2726 2883 aQPriusquam
2782 2820 2785 2822 ’

1671 2894 1767 2943 hoc
1783 2894 1981 2943 circulo
1998 2893 2242 2958 excedas,
2262 2895 2448 2959 inquit,
2467 2895 2631 2945 redde
2648 2909 2728 2945 re-

1670 2983 1928 3032 sponsum.
1945 2969 2161 3019 Senatui
2180 2969 2314 3035 quod
2331 2967 2573 3019 referam.
2619 2969 2731 3018 01».

1674 3043 1999 3106 stupefactus
2054 3052 2173 3100 tam,
2216 3045 2443 3093 violento
2490 3046 2729 3108 imperio,

1677 3136 1955 3185 parumper
1995 3134 2112 3169 cum
2151 3122 2470 3170 haesitassetz
2508 3123 2731 3178 Faciam.

1673 3197 1861 3263 inquit,
1903 3197 2037 3261 qnod
2078 3203 2256 3247 censet
2298 3197 2536 3247 Senatus.
2600 3199 2735 3249 Tum

1674 3271 1880 3322 demum
1916 3272 2154 3335 Popilius
2188 3273 2424 3322 dextram
2456 3273 2584 3336 regi,
2622 3283 2732 3322 tan-

1675 3361 1827 3413 quam
1868 3346 2008 3397 socio
2047 3353 2204 3410 atque
2242 3347 2426 3407 amico,
2463 3346 2732 3409 porrexit?
2802 3357 2807 3359 ’

1674 3422 1904 3472 Velleius
1923 3423 2046 3471 item
2062 3422 2152 3471 lib.
2169 3435 2208 3470 ι.
2220 3437 2272 3484 p.
2286 3426 2336 3471 4.
2393 3423 2731 3484 Plutarchus,

1677 3499 1727 3547 in
1749 3498 2133 3562 Apophthegm.
2156 3513 2207 3560 p.
2228 3502 2363 3555 202„
2391 3496 2732 3561 Appianusin

1673 3575 1872 3639 Syriac.
1905 3591 1956 3638 p.
1981 3578 2094 3623 131.
2152 3573 2497 3626 Quamobrem
2520 3575 2736 3625 halluci-

1676 3659 1849 3705 natum
1872 3665 1987 3700 esse
2008 3649 2233 3699 Plinium
2257 3662 2430 3697 omnes
2452 3647 2734 3711 affirmant,

1678 3727 1764 3791 qui
1786 3727 1998 3775 nomina
2026 3726 2350 3788 permutat-it.
2412 3724 2518 3772 Sed
2551 3724 2735 3775 mirum

1677 3809 1925 3865 quantum
1949 3799 2179 3850 homines
2211 3798 2339 3846 alias
2375 3799 2610 3848 oculatos
2644 3801 2738 3849 hac

1677 3877 1727 3924 in
1764 3883 1914 3938 parte
1952 3875 2084 3923 ratio
2128 3872 2341 3936 fugerit.
2417 3874 2602 3922 Simile
2633 3873 2734 3924 fac-

1677 3957 1784 4000 tum
1828 3949 2220 3999 commemorari
2276 3962 2412 3998 nunc
2461 3964 2492 3997 a
2536 3949 2730 4007 Plinio,

1677 4040 1778 4074 non
1825 4039 1932 4074 rem
1978 4026 2120 4073 illam
2163 4024 2347 4087 ipsam,
2381 4039 2536 4088 quam
2574 4028 2735 4075 ceteri

1677 4114 1794 4149 mox
1816 4100 1996 4159 allati,
2031 4098 2407 4149 contendimus.
2475 4100 2561 4149 Ne
2587 4108 2734 4164 pute·

1679 4191 1792 4231 mus
1814 4176 1954 4227 idem
1977 4189 2112 4240 esse,
2132 4181 2189 4225 et
2212 4183 2466 4239 tempora,
2503 4182 2561 4228 et
2598 4177 2735 4240 lega-
