3000 4917
2331 361 2506 430 4617
2607 366 2614 375 ’

300 523 815 610 quadrupedes..
891 522 1352 607 Prosperrime
1379 542 1578 588 canes
1602 522 1965 607 expressit.
2053 520 2196 587 Hic
2226 527 2333 587 est
2377 522 2524 587 Ni-.

302 629 472 704 cias,
502 627 588 691 de
630 647 765 710 quo
804 626 1078 692 dicebat
1106 624 1485 691 Praxiteles
1512 625 1998 707 interrogatn8,⁸
2034 642 2187 708 quae
2217 624 2506 688 maxime

871 380 1049 428 Nar.
1096 377 1299 428 msr.
1346 376 1494 427 ms.
1541 376 1801 427 xxxv.
1839 362 1952 428 40.
2014 428 2023 437 ,

200 805 205 809 ,
301 748 513 812 opera
559 748 689 793 sua
717 729 1034 813 probaret
1051 726 1107 767 ²⁶
1137 727 1204 792 in
1231 728 1704 792 marmoribus:
1752 731 1775 762 ‘
1796 725 2057 804 Quibus
2091 725 2334 791 Nicias
2362 745 2506 790 ma-

296 850 462 894 num
488 829 980 899 admovisset?
1022 835 1280 895 tantum
1320 829 1795 894 circumlitioni
1816 828 1909 879 ²⁷*
1952 828 2098 913 ejus
2143 828 2507 894 tribuebat.

302 929 475 996 Non
513 932 683 996 satis
719 931 1170 1007 discernitur,²¹
1206 929 1410 995 alium
1440 930 1678 994 eodem
1706 931 1992 1005 nomine,
2025 948 2113 995 an
2142 930 2314 995 hunc
2344 949 2506 995 eun·
2575 944 2584 957 ·

259 1040 265 1046 ’
300 1032 457 1098 dem
482 1032 760 1116 quidam
786 1034 1041 1099 faciant
1072 1032 1481 1117 Olympiade
1514 1033 1882 1097 centesima
1911 1032 2334 1097 duodecima.

392 1134 622 1200 Niciae
652 1142 1098 1220 comparatur,
1131 1143 1197 1201 et
1227 1137 1572 1219 aliquanto
1602 1136 1970 1219 praefertur,
1995 1133 2322 1199 Athenion
2352 1133 2507 1199 Ma-

296 1236 618 1315 ronite8,'
658 1235 1060 1302 Glaucionis
1106 1236 1438 1303 Corinthii
1483 1236 1876 1320 discipulus,
1907 1246 1978 1302 et
2018 1235 2347 1301 austerior
2390 1254 2506 1300 co-

292 1338 464 1416 lore,
490 1343 560 1405 et
599 1338 671 1401 in
701 1338 1089 1404 austeritate
1110 1336 1490 1423 jucundior,
1521 1346 1601 1402 ut
1630 1338 1700 1401 in
1728 1338 1893 1420 ipsa.
1921 1338 2187 1421 pictura
2216 1336 2524 1405 eruditio

290 1440 584 1504 eluceat·
701 1437 944 1505 Pinxit
998 1442 1081 1505 in.
1127 1441 1383 1525 templo
1442 1439 1760 1505 Eleusine
1819 1437 2265 1525 Phylarchum
2290 1458 2311 1520 3
2332 1445 2386 1475 ''-
2434 1444 2518 1508 et.

292 1539 591 1607 Athenis
620 1541 1145 1627 frequentiam,²⁸
1186 1562 1387 1627 quarn
1418 1560 1750 1608 vocavere
1778 1542 2239 1627 syngenicon.¹
2327 1538 2504 1605 Item

290 1643 689 1711 Achillem!
741 1646 1013 1730 virginis
1059 1646 1293 1713 habitu
1345 1645 1783 1726 occultatum,
1832 1644 2085 1730 Ulysse
2136 1643 2504 1731 depreben-

1223 1827 1283 1849 η
1285 1827 1521 1850 ΟΟΟΟΟΟΟ
1524 1829 1585 1849 υ

295 1956 463 2007 Dalec
466 1962 615 2011 .-26
648 1958 779 2010 eod.
806 1958 1001 2011 Dalec.
1010 1974 1116 2009 sua
1147 1966 1437 2024 prestarent
1439 1965 1586 2011 .-27
1623 1959 1755 2010 4Με.
1789 1958 2203 2017 ciminianu
2236 1957 2373 2022 lego,
2408 1957 2505 2008 eir·-

296 2022 653 2073 cummim!
687 2025 874 2074 Dalec.
880 2025 1058 2074 -284
1079 2025 1167 2075 Ita
1190 2026 1345 2076 codd.
1374 2028 1540 2090 Regg.
1576 2025 1753 2075 Editio
1776 2026 2037 2089 princeps,
2060 2032 2111 2074 et
2140 2023 2219 2073 el.
2245 2021 2506 2073 Durandss

297 2085 519 2137 Brolier.
599 2089 807 2138 Athenis
841 2091 1091 2138 mulierum
1114 2089 1230 2154 freq
1232 2091 1443 2141 nentium
1476 2093 1597 2141 Vet.
1647 2090 1835 2141 Dalec.
1916 2090 2122 2139 Athenis
2156 2088 2505 2151 frequentiam,

295 2150 489 2202 omissa
512 2154 902 2217 conjunctione,
934 2154 1166 2205 Gronov.
1206 2155 1275 2207 al.
1311 2162 1443 2207 vett.
1476 2155 1736 2205 Harduin.
1770 2159 1817 2204 1.
1849 2157 1898 2205 2.
1921 2157 1967 2202 3.
1990 2160 2044 2203 et
2069 2160 2291 2204 recentt.
2356 2153 2507 2215 Mox,

1293 2318 1517 2371 NOTAE

294 2406 442 2460 tlose.
510 2406 642 2461 Sunt
663 2411 749 2477 qui
780 2413 968 2463 Phidiae
992 2421 1262 2480 reponant,
1290 2416 1360 2467 vi·
1443 2414 1587 2468 cerni
1623 2421 1914 2480 temporum
1950 2413 2151 2464 ratione
2190 2413 2342 2464 ambo
2377 2427 2408 2462 a
2447 2427 2504 2464 se

294 2487 499 2537 tiosins.
553 2487 617 2537 In
639 2490 1058 2553 quadrupedibus
1089 2492 1364 2555 pingendis
1440 2491 1664 2542 invicem
1681 2490 1943 2552 videntur,
1959 2504 2076 2540 cnm
2093 2489 2229 2538 illius
2247 2499 2397 2552 aetas,
2413 2490 2506 2556 qni

294 2565 521 2627 palmam
564 2566 746 2615 tulisse
793 2566 998 2616 Niciam
1053 2574 1237 2619 auctor
1279 2575 1365 2620 est
1443 2567 1756 2632 Olympiade
1776 2580 1923 2618 oxu.
1942 2565 2094 2628 vixit,
2112 2564 2178 2614 ab
2191 2563 2357 2616 Attali
2374 2572 2501 2615 tem-

292 2639 587 2691 Pausanias
610 2643 767 2706 panlo
785 2649 939 2728 antea
962 2657 993 2692 a
1015 2644 1163 2694 nobis
1185 2644 1363 2695 landa·
1438 2642 1656 2706 poribus
1676 2641 1840 2692 distet
1864 2642 2012 2691 annis
2034 2640 2147 2690 fere
2170 2653 2258 2691 xc.
2281 2641 2365 2691 cui
2389 2641 2503 2704 regi

294 2721 397 2765 tus·
1435 2718 1500 2783 is,
1522 2718 1611 2783 qui
1634 2732 1771 2768 nunc
1792 2718 2049 2774 landatur,
2068 2717 2293 2768 vendere
2307 2717 2505 2768 dicitur

359 2790 498 2842 ¹De
543 2807 633 2857 quo
675 2793 930 2844 dicebat..
951 2795 1364 2859 ..inter-rogatus]
1437 2794 1667 2845 tabulam
1690 2793 1934 2844 noluisse.

294 2867 551 2931 Dicebat,
576 2871 802 2935 inquam,
819 2885 883 2921 ea
903 2872 1180 2935 sibiopera
1203 2873 1362 2922 maxi-
1503 2873 1853 2937 'Maronitesj
1903 2872 1988 2922 Ab
2029 2871 2226 2935 oppido
2262 2872 2501 2922 Thracia

296 2960 376 2996 me
397 2947 634 3010 probari,
653 2949 835 3012 quibus
852 2949 1033 2999 Nicias
1053 2964 1258 3001 manum
1272 2951 1362 3000 ad·

295 3022 564 3073 movisset.
631 3023 798 3073 Simili
832 3029 1045 3076 textura
1087 3026 1360 3077 verborum

296 3112 417 3149 usus
445 3099 564 3163 ipse
589 3114 707 3163 cap.
729 3104 778 3150 8.
811 3102 827 3129 4
855 3103 936 3150 De
969 3115 1072 3167 qua
1098 3102 1362 3152 Teutono·

296 3189 407 3225 rum
425 3177 638 3241 legatus
668 3178 939 3243 respondit
973 3179 1361 3245 interrogatus:

295 3253 392 3303 ἅο.

356 3327 373 3359 ²
409 3328 790 3391 Cirmmlitioni]
814 3330 1081 3381 Marmora
1097 3332 1361 3385 coloribus

294 3405 616 3456 tenuissimis
634 3407 926 3471 illinebant,
942 3410 1030 3473 qni
1050 3423 1361 3473 repercussu

294 3480 592 3531 claritatem
618 3483 883 3532 marmoris
911 3486 1222 3549 excitarent,
1243 3502 1360 3537 cus-

291 3555 632 3623 todirentque
671 3572 701 3607 a
743 3560 960 3621 pulvere
1007 3567 1065 3611 et
1107 3563 1362 3614 sordibus.

293 3630 433 3681 Galli
469 3632 673 3694 dicunt,
706 3636 885 3684 amir.
949 3636 1149 3689 Seneca
1187 3640 1361 3702 Epist.

291 3722 529 3761 Lxxxvr.
563 3710 712 3774 cujus
744 3711 949 3761 initium
982 3719 1082 3775 est,
1117 3715 1133 3742 4
1158 3715 1222 3767 Iu
1244 3716 1361 3778 ipsa

293 3784 561 3847 Scipionis
570 3785 805 3835 Africani
817 3787 937 3837 villa
949 3786 982 3836 :'
999 3789 1014 3815 4
1029 3788 1243 3852 Pauper
1260 3789 1358 3843 sibi

293 3860 505 3912 videtur
517 3877 581 3914 ac
603 3861 840 3911 sordidus
930 3864 1031 3912 nisi
1048 3862 1359 3915 Alexandri·

1436 2948 1709 3012 Maronea,
1747 2949 1813 2998 de
1850 2963 1952 3014 qno
1988 2962 2065 2999 iv·
2107 2952 2185 2998 18.
2233 2948 2503 3007 Ἀθηνίωνό

1435 3028 1526 3076 τοῦ
1544 3025 1853 3077 Γλαυκίωνος.

1500 3110 1535 3135 “
1569 3100 1918 3166 Phylarchum]
1954 3099 2292 3157 Historicnm,
2329 3108 2389 3152 nt
2425 3101 2499 3151 vi-

1436 3176 1609 3235 detur,
1631 3178 1698 3227 de
1720 3192 1825 3243 quo
1858 3176 2089 3229 dicemus
2119 3177 2175 3226 in
2209 3175 2498 3231 Auctorum

1436 3253 1641 3306 Indice.

1500 3336 1529 3363 ¹
1560 3326 1885 3393 Syngeuieon]
1917 3327 2228 3392 Ξυγγενυεὸν,
2257 3329 2499 3392 conatio-

1435 3419 1556 3455 nent.
1621 3403 1709 3454 Ita
1738 3418 1852 3454 cum
1893 3404 2136 3455 Pintiano
2173 3406 2497 3471 scripsimus,

1437 3482 1576 3547 qnod
1601 3482 1655 3532 in
1675 3482 1806 3533 Mss.
1828 3483 1957 3546 Reg.
1977 3487 2027 3533 2.
2056 3483 2294 3549 aliisque,
2327 3487 2495 3549 lyaee-

1433 3558 1574 3609 nicon
1596 3558 1835 3608 vidimus.
1872 3560 1945 3609 Et
1967 3559 2105 3623 quod
2128 3574 2248 3609 mox
2268 3562 2285 3590 4
2304 3575 2495 3624 cogna-

1435 3633 1540 3689 tio’
1580 3635 1777 3699 pariter
1808 3641 1824 3664 ‘
1847 3634 2097 3685 nobilium
2116 3633 2132 3658 ’
2169 3636 2389 3698 picturae
2413 3649 2496 3684 ar·

1433 3718 1735 3776 gumentum
1772 3708 2005 3762 affertur.
2062 3710 2209 3761 Infra
2242 3713 2368 3761 item
2404 3712 2495 3763 OE-

1432 3788 1546 3838 nias
1580 3790 1596 3818 ⁴
1617 3784 1983 3852 Syngeuicon’
2017 3785 2246 3850 pinxisse
2282 3786 2494 3839 dicitur.

1432 3863 1579 3912 Editi
1600 3870 1723 3912 ante
1746 3877 1839 3912 nos
1861 3860 2000 3924 libri,
2030 3864 2386 3927 polygynoecon,
2406 3883 2508 3916 ro..

293 3952 359 3988 na
373 3953 628 3991 marmora
642 3939 934 3991 Numidicis
945 3943 1134 3995 crustis
1144 3942 1356 3995 distinc·
1429 3937 1736 4000 λνγυνωκὸν,
1777 3951 1893 4002 qnae
1931 3952 2032 3988 vox
2074 3938 2344 3990 mulierum
2389 3941 2495 3993 fre-

292 4020 512 4064 tasnnt:
536 4015 634 4063 nisi
662 4014 765 4065 illis
788 4014 1018 4079 undique
1039 4030 1278 4081 operosa,
1301 4026 1356 4071 et
1427 4016 1692 4080 quentiam
1715 4017 1881 4062 sonat.

291 4088 343 4138 in
368 4090 591 4152 picturas
611 4089 817 4141 modum
834 4091 1033 4143 variata
1048 4092 1355 4147 clrcumlitio

294 4163 643 4230 praetexitur.'

1493 4099 1517 4135 r
1552 4091 1677 4143 Item
1704 4086 1962 4150 Achillem]
1997 4089 2192 4141 Narrat
2225 4092 2358 4143 banc
2389 4093 2510 4144 bis-.

1431 4166 1617 4217 loriam
1654 4164 1896 4228 Hyginus
1931 4164 2059 4215 Fab.
2084 4178 2237 4217 xcvi.
2269 4175 2284 4197 ⁸
2309 4170 2489 4219 Thetis

355 4248 378 4275 ¹¹
413 4241 527 4291 Non
541 4241 661 4293 satis
676 4240 987 4307 discernitur]
1026 4242 1098 4321 At
1112 4243 1236 4297 satis
1254 4244 1354 4319 dis?
1428 4242 1639 4305 Nereis,
1676 4255 1795 4295 cum
1830 4240 1992 4295 sciret
2032 4240 2290 4297 Achillem
2326 4243 2490 4301 filium
