3000 4917
1163 385 1616 443 Αυοτοιιυιι.
2313 381 2486 448 4927

284 535 456 602 inquit
474 535 697 601 August.
735 533 804 586 de
838 533 997 585 Civit.
1031 534 1131 585 Dei
1162 549 1266 585 vir.
1293 539 1376 585 26.
1398 541 1518 599 post
1538 534 1759 588 Tullium
1784 533 1851 584 de
1892 535 2019 586 Nat.
2061 536 2216 587 Deor.
2244 537 2337 588 lib.
2371 552 2411 590 ι.
2437 554 2490 603 p.

277 616 361 667 49.
395 617 750 667 Messanensis
773 630 803 665 e
829 616 1028 679 Sicilia,
1057 616 1333 666 Ptolemaei
1359 616 1569 680 Lagidae
1592 615 1912 678 temporibus
1936 617 2085 667 vixit.
2155 618 2418 670 Laudatur
2436 627 2494 670 et

285 713 317 746 a
339 698 627 747 Columella
653 711 739 746 rx.
762 700 810 745 2.
838 712 889 758 p.
912 699 1029 745 318.

358 780 643 828 Eumachus.
713 777 979 826 Laudatur
1002 791 1033 825 a
1056 775 1347 840 Phlegonte
1369 776 1666 826 Eumachus
1687 777 1742 826 ἐν
1759 775 2058 842 περιηγήσει,
2093 794 2182 829 seu
2216 781 2357 831 orbis
2387 790 2492 833 ter-

283 873 457 920 rarum
481 859 852 923 descriptione,
874 873 991 921 cap.
1015 862 1097 908 18.
1132 859 1327 909 Rerum
1369 858 1592 909 mirabil.
1631 873 1683 923 p.
1704 863 1788 909 86.
1855 861 2147 910 Eumachus
2189 861 2492 927 Neapolita·

289 954 387 989 nus
409 939 542 990 libro
565 938 794 989 secundo
817 939 1050 989 historiae
1071 939 1400 1002 Hannibalis,
1432 939 1574 1004 apud
1598 938 1792 990 Athen.
1814 941 1907 991 lib.
1933 955 2062 990 xiu.
2083 957 2138 1004 p.
2159 947 2276 995 577.

356 1022 661 1085 Euphranor,
701 1019 849 1069 fictor
883 1020 1021 1070 idem
1055 1028 1110 1070 et
1146 1021 1316 1084 pictor
1349 1020 1610 1085 egregius,
1644 1021 1906 1072 volumina
1936 1025 2225 1086 composuit
2252 1024 2318 1075 de
2345 1025 2494 1088 Sym-

290 1102 481 1151 metria
518 1112 573 1152 et
595 1102 872 1164 coloribus,
901 1109 1038 1152 teste
1074 1101 1248 1152 Plinio
1282 1114 1466 1152 xxxv.
1500 1106 1583 1152 40.
1616 1116 1667 1151 ιι.
1701 1105 1784 1152 25.
1847 1102 1981 1152 Vide
2006 1111 2268 1166 praeterea
2291 1118 2495 1157 xxxiv.

293 1187 373 1232 19.
392 1197 443 1232 n.
469 1185 549 1232 16.

297 1323 310 1331 ‚
349 1263 664 1327 Euphronius
682 1261 964 1327 Athenoeus,
997 1262 1135 1313 inter
1169 1262 1245 1314 rei
1276 1263 1483 1314 rustieae
1508 1263 1791 1329 scriptores
1823 1279 1853 1312 a
1873 1265 2108 1314 Varrone
2129 1272 2186 1315 et
2211 1265 2498 1316 Columella

292 1345 590 1409 reponitur,
611 1344 677 1393 de
704 1343 786 1393 Re
813 1345 966 1393 Rust.
988 1358 1026 1393 1.
1052 1347 1100 1393 1.

365 1423 665 1487 Euphronius
689 1423 924 1473 Medicus.
989 1422 1239 1487 Εὐφρόνιος
1259 1425 1311 1475 ἐν
1334 1422 1670 1489 ὑπομνήμασιν,
1690 1425 1742 1475 in
1767 1426 2149 1491 Commentariis,
2171 1425 2411 1477 laudatur
2431 1426 2498 1476 ab

293 1505 554 1556 Athenaeo
577 1506 767 1554 lib.x1.
792 1519 846 1569 p.
870 1508 985 1555 495.

365 1585 623 1647 Euripides
643 1582 814 1632 Poeta
831 1583 1101 1647 Tragicos,
1124 1553 1478 1642 Atheniensis,
1501 1586 1735 1636 Platonis
1752 1584 2040 1649 σύγχρονος.
2065 1586 2128 1635 de
2142 1599 2245 1650 quo
2263 1586 2350 1637 alii
2373 1590 2500 1638 satis

295 1667 478 1715 multa.
542 1663 690 1712 Inter
712 1676 799 1712 eos
817 1670 1119 1713 numeratur
1141 1665 1229 1728 qui
1249 1666 1314 1713 de
1330 1665 1439 1715 Nili
1457 1665 1777 1716 incremento
1795 1666 2131 1730 scripserunt,
2151 1666 2219 1716 ab
2242 1665 2504 1730 Apollonii

293 1745 473 1795 schol.
497 1742 562 1791 ad
588 1742 679 1791 lib.
704 1755 781 1791 tv.
802 1744 918 1790 269.
986 1742 1285 1792 Priscianus
1318 1744 1409 1793 lib.
1435 1758 1515 1793 vr.
1551 1759 1602 1808 p.
1623 1748 1738 1794 707.
1764 1759 1829 1793 ex
1855 1744 2038 1794 Iudice
2061 1745 2319 1801 Pliniano,
2339 1748 2501 1812 scrip·

294 1834 473 1875 torum
510 1823 717 1871 nomina
752 1822 990 1885 quaedam
1029 1822 1297 1885 colligens,
1338 1823 1608 1880 ‘Plinius‚’
1640 1824 1823 1888 inquit,
1857 1826 1945 1874 ‘in
1978 1837 2202 1876 xxxvii.
2238 1825 2505 1876 Naturalis

241 1930 244 1932 >
300 1904 575 1963 Historiae,
600 1902 902 1966 Neuripede
919 1901 953 1951 ι’
986 1902 1237 1967 corriges,
1263 1907 1279 1931 ⁸
1305 1903 1584 1969 Euripide,'
1616 1918 1731 1954 cum
1754 1913 1809 1954 et
1830 1906 1884 1955 in
1908 1905 2091 1955 Indice
2115 1905 2292 1969 Plinii,
2313 1914 2367 1956 et
2390 1907 2506 1970 ipso

297 1986 394 2036 lib.
419 1997 647 2034 xxxvii.
672 1997 788 2048 cap.
812 1986 894 2031 11.
930 1982 1186 2049 Euripides
1206 1982 1348 2047 poe‘ta
1369 1985 1664 2049 planissime
1681 1984 1959 2035 scribatur.

1340 2175 1400 2224 F.

378 2310 621 2362 Fabianus
653 2312 905 2377 Papirius,
941 2320 1180 2365 ‘naturae
1217 2328 1385 2364 rerum
1420 2312 1799 2379 peritissimus,’
1834 2312 2002 2378 inquit
2026 2312 2166 2362 Plin.
2202 2324 2403 2361 xxxvi.
2426 2313 2507 2359 24.

305 2381 325 2416 ²
352 2392 448 2440 Vir
468 2393 704 2457 egregius
739 2402 794 2443 et
829 2395 936 2444 vita
970 2402 1027 2444 et
1065 2394 1306 2458 scientia,
1327 2399 1398 2457 et,
1419 2393 1557 2458 quod
1582 2401 1701 2455 post
1724 2392 1810 2440 illa
1832 2398 1932 2454 est,
1953 2391 2250 2455 eloquentia
2272 2387 2511 2454 quoque,’

306 2469 477 2535 inquit
510 2473 713 2523 Seneca
746 2473 916 2537 Epist.
947 2487 1034 2523 xl..
1072 2489 1123 2537 p.
1147 2476 1260 2523 243.
1295 2487 1396 2538 qno
1429 2473 1764 2522 adolescente
1802 2470 1976 2521 floruit
2011 2471 2289 2532 Fabianus,
2318 2468 2514 2519 Tiberii

307 2552 625 2617 principatu.
692 2553 849 2602 Hunc
877 2553 1014 2602 idem
1047 2568 1162 2603 cum
1202 2554 1477 2616 Cicerone,
1518 2553 1698 2604 Asinio
1730 2553 1986 2611 Pollione,
2023 2557 2080 2600 et
2117 2550 2265 2599 Livio
2287 2548 2516 2605 confert,

310 2632 484 2693 Epist.
523 2647 574 2682 c.
609 2648 661 2695 p.
695 2637 810 2684 445.
875 2634 1138 2683 Charisius
1176 2634 1264 2682 lib.
1300 2648 1338 2683 ι.
1375 2649 1428 2697 p.
1465 2638 1551 2684 81.
1583 2640 1637 2682 et
1678 2637 1791 2683 119.
1829 2640 1886 2682 et
1924 2630 2208 2682 Diomedes
2249 2630 2340 2680 lib.
2385 2643 2421 2677 1.
2461 2645 2513 2690 p.

311 2714 431 2761 372.
494 2713 710 2764 Fabiani
733 2713 889 2763 libros
910 2714 976 2762 de
1010 2713 1336 2779 animalibus,
1359 2720 1413 2763 et
1437 2714 1719 2763 Causarum
1751 2713 2061 2763 naturalium
2095 2725 2238 2774 saepe
2262 2710 2314 2760 in
2339 2718 2518 2773 partes

313 2798 525 2841 vocant.

319 2933 330 2939 -
383 2871 566 2922 Fabius
602 2874 788 2936 Pictor,
822 2872 905 2922 cui
939 2886 1237 2937 praenomen
1274 2872 1476 2925 Quinto
1513 2871 1636 2935 fuit,
1664 2871 1975 2936 scriptorum
2017 2872 2365 2921 Romanorum
2387 2870 2519 2919 anti·

314 2953 593 3015 quissimus
617 2960 833 3003 vocatur
855 2968 885 3001 a
908 2953 1052 3003 Livio
1070 2952 1163 3001 lib.
1190 2966 1229 3001 1.
1255 2967 1306 3015 p.
1331 2955 1411 3000 16.
1431 2953 1484 3000 ἰιι
1506 2952 1721 3001 historia
1743 2950 2022 3000 scribenda
2042 2955 2252 2999 secutus
2278 2948 2519 2996 Dioclem

318 3032 717 3095 Peparethium,
740 3034 903 3097 inquit
922 3032 1272 3082 Plutarchus·
1260 3045 1312 3080 in
1335 3031 1571 3086 Romulo,
1594 3045 1646 3093 p.
1672 3034 1754 3079 19.
1823 3030 2012 3079 Graeco
2035 3042 2270 3078 sermone
2291 3027 2519 3089 scripsit,

320 3121 380 3162 ut
405 3120 686 3165 auctorest
709 3115 929 3178 Dionys.
954 3113 1126 3163 Halic.
1150 3113 1241 3162 lib.
1268 3126 1306 3162 1.
1333 3127 1384 3176 p.
1405 3118 1455 3161 5.
1522 3112 1671 3160 Vixit
1691 3109 2012 3174 temporibus
2027 3108 2149 3157 belli
2170 3107 2521 3167 Hannibalici,

320 3200 380 3241 ut
422 3193 593 3242 Livius
632 3195 786 3243 docet
822 3194 911 3244 lib.
937 3207 1083 3243 xxti.
1122 3208 1174 3257 p.
1204 3197 1321 3243 210.
1388 3192 1535 3244 Fabii
1570 3191 1809 3252 Maximi,
1841 3190 1928 3255 qui
1960 3187 2307 3237 Hannibalem
2340 3185 2523 3250 fregit,

316 3272 622 3336 propinquus,
642 3273 896 3334 συγγενὴς,
925 3288 957 3322 a
979 3273 1264 3322 Plutarcho
1287 3271 1480 3321 dieitur
1504 3272 1554 3319 in
1591 3270 1774 3332 Fabio,
1809 3285 1857 3333 p.
1891 3272 2003 3317 184.
2069 3267 2239 3331 Hujus
2263 3266 2394 3315 liber
2421 3268 2526 3328 pri·

324 3366 437 3401 mus
462 3353 655 3403 Rerum
680 3354 1007 3404 Naturalium
1030 3353 1223 3403 citatur
1240 3369 1272 3401 a
1292 3353 1488 3414 Nonio,
1509 3366 1555 3401 c.
1581 3354 1659 3401 12.
1681 3365 1730 3398 ιι.
1750 3354 1801 3398 8.
1828 3350 1984 3398 verbo
2007 3356 2022 3379 ‘
2042 3345 2364 3396 Picumnus.'
2428 3345 2524 3396 Ju-

321 3433 399 3482 ris
422 3432 687 3483 Pontificii
710 3433 923 3498 primus,
945 3448 977 3481 a
1001 3433 1291 3495 Macrobio,
1310 3432 1525 3482 Saturn.
1549 3444 1639 3481 ιιι.
1660 3433 1710 3480 2.
1735 3443 1788 3493 p.
1812 3432 1926 3478 286.
1993 3426 2235 3491 Ejusdem
2257 3426 2444 3490 operis,
2469 3434 2528 3476 nt

324 3512 556 3572 videtur,
577 3514 668 3564 lib.
695 3527 821 3563 xv1.
844 3528 876 3562 a
908 3512 1101 3575 Nonio,
1132 3526 1181 3562 c.
1197 3515 1277 3560 15.
1298 3527 1350 3576 p.
1373 3515 1489 3561 791.
1558 3511 1641 3559 De
1664 3523 1728 3559 eo
1752 3510 1904 3572 plura
1939 3506 2123 3555 Suidas
2144 3513 2212 3556 'et
2238 3506 2343 3562 alii.
2411 3506 2524 3555 Nos

326 3608 535 3658 qnoque
557 3592 624 3643 de
650 3600 761 3644 tota
785 3594 1052 3643 Pictorum
1073 3591 1270 3641 familia
1289 3592 1512 3641 diximus
1536 3602 1717 3640 xxxv.
1736 3593 1787 3639 7.
1854 3588 1986 3639 Quae
2004 3586 2076 3635 'ab
2100 3586 2271 3635 Annio
2292 3585 2524 3634 viterbi-

325 3674 463 3736 ensi,
505 3674 602 3724 sub
638 3674 786 3725 Fabii
819 3673 1045 3724 Pictoris
1077 3673 1303 3736 nomine,
1342 3680 1464 3723 sunt
1500 3671 1661 3733 edita,
1698 3667 2028 3734 supposititia
2057 3680 2171 3715 esse
2194 3665 2527 3715 consentiunt

326 3754 543 3805 eruditi.

397 3834 582 3884 Fabius
611 3835 814 3885 Vestalis
832 3836 883 3884 in
908 3834 1093 3885 Indice
1120 3834 1211 3884 lib.
1237 3846 1342 3884 vu.
1362 3836 1463 3883 ὅτε.

329 3957 334 3964 .
398 3915 651 3965 Fabricius
672 3916 882 3966 Tuscus
871 3931 924 3964 m
943 3915 1126 3964 Indice
1150 3914 1266 3962 libri
1289 3912 1464 3975 tertii,
1473 3918 1530 3961 et
1549 3925 1659 3976 seq.

401 3997 688 4058 Fenestella,
731 3996 1049 4061 praenomine
1091 3996 1300 4058 Lucius,
1335 3993 1663 4043 historiarum
1698 3988 1923 4053 scriptor
1960 3989 2018 4034 et
2055 3980 2362 4044 carminum,
2388 3980 2529 4031 obiit

331 4078 615 4127 novissimo
635 4078 829 4126 Tiberii
853 4076 1071 4127 Caesaris
1096 4075 1408 4140 principatu,
1430 4072 1596 4137 inquit
1611 4070 1812 4120 Plinius
1834 4077 2044 4116 xxxin.
2063 4066 2146 4111 52.
2194 4059 2418 4111 Annales
2438 4075 2527 4109 ex

329 4159 601 4222 scripsisse
638 4157 827 4208 scimus
865 4172 929 4206 ex
968 4157 1140 4207 Nouio
1171 4169 1219 4206 c.
1261 4157 1312 4205 8.
1338 4168 1391 4203 ιι.
1414 4156 1529 4202 188.
1594 4149 1871 4199 Annalium
1894 4146 2354 4195 commentatorem
2379 4148 2530 4190 vocat

330 4239 712 4301 Tertullianus,
736 4237 986 4288 adversus
1009 4237 1218 4286 Valent.
1238 4249 1286 4284 c.
1307 4238 1389 4288 84.
1411 4248 1465 4298 p.
1448 4234 1597 4283 .26.2
1663 4230 1875 4281 Librum
1901 4225 1966 4276 de
1992 4220 2240 4273 Romanis
2270 4222 2531 4285 magistra·
