3000 4917
511 346 685 412 4776
1082 348 1091 359 ·
1137 377 1144 384 ·
1208 360 1272 407 c.
1314 355 1563 406 ‘rui-111
1611 342 1952 405 suenum·

507 482 605 571 ter
664 510 816 569 cote
876 502 1272 586 despumare
1295 495 1389 566 κεῖ
1435 502 1842 586 quernisque
1901 504 2195 567 axibus⁴
2244 501 2705 569 contabulare.³

509 606 684 686 Quae
717 611 1115 691 torquentur,
1147 606 1414 669 inutilia
1444 609 1688 689 putant
1710 626 1747 678 ².
1774 605 1981 669 immo
2013 619 2083 670 et
2118 605 2356 669 filicem
2376 603 2402 641 ¹¹
2448 610 2569 670 aut
2595 626 2704 689 pa-

503 709 678 773 leam
712 707 1039 773 substerni
1057 715 1080 754 ⁵
1107 708 1341 771 melius
1370 724 1543 783 esse,
1561 724 1698 788 quo
1720 706 1942 770 minor
1968 706 2075 771 vis
2100 706 2308 770 calcis
2336 708 2708 790 perveniat.

508 806 1026 875 Necessarium²
1095 817 1165 873 et
1230 810 1590 891 globosum
1647 807 1941 890 lapidem
1994 808 2259 891 subjici.
2392 807 2708 872 Similiter

507 911 674 974 fiunt
703 912 967 994 spicata
998 918 1372 976 testacea.¹¹¹
1441 944 1447 959 ι

598 1029 824 1076 thll.
848 1088 853 1095 ‚
873 1012 1032 1077 Non
1064 1012 1523 1096 negligendum
1578 1021 1685 1076 est
1735 1014 1937 1078 etiam
1985 1031 2166 1076 nunc
2188 1019 2207 1051 ¹
2255 1030 2476 1093 unum.
2500 1029 2705 1092 genus

506 1113 945 1179 Graecanioi.¹¹
1034 1113 1199 1178 Solo
1234 1114 1540 1177 fistucato
1561 1120 1587 1149 ²
1634 1115 1929 1198 injicitur
1958 1112 2165 1176 rudus
2192 1120 2306 1177 aut
2335 1118 2702 1175 testaceum

503 1216 990 1298 pavimentum:
1022 1215 1172 1299 dein
1207 1215 1424 1298 spisse
1456 1214 2175 1291 calcatis-carbonibus
2207 1213 2570 1290 inducitur,
2599 1233 2696 1279 sa-

565 1387 594 1422 1
628 1379 902 1440 Fosligium
934 1380 1196 1443 pavimenti
1227 1380 1299 1429 sie
1335 1380 1576 1441 paulisper
1607 1379 1770 1428 attolli
1790 1379 1943 1435 debet,
1966 1384 2019 1428 ut
2060 1379 2113 1428 in
2144 1378 2356 1440 singulos
2389 1379 2536 1426 denos
2569 1364 2702 1439 pedes

502 1445 754 1492 attollatur
769 1445 938 1506 pollice
958 1460 1050 1492 uno
1081 1459 1185 1494 cum
1221 1444 1449 1494 dimidio:
1483 1451 1586 1493 tum
1618 1447 1721 1493 cot'e
1754 1445 2069 1506 laevigandum
2102 1449 2192 1491 est.
2257 1444 2306 1490 E
2327 1456 2505 1505 quercu
2535 1443 2698 1490 tubuloe

500 1507 604 1558 sive
628 1522 809 1557 asseres
830 1510 1058 1569 eligendi.

1420 1616 1448 1635 O
1451 1617 1631 1637 ‘nm
1634 1617 1788 1638 W&

503 1732 748 1782 sedecim.
815 1733 994 1783 Minor
1036 1739 1150 1783 erat
1191 1732 1323 1808 pede
1356 1733 1578 1789 Gallico,
1618 1740 1674 1783 ut
1712 1734 1821 1796 jam
1861 1733 1965 1782 dixi
2008 1746 2181 1795 supra.
2188 1732 2553 1785 ’Brona-³4
2585 1734 2699 1782 Vet.

506 1799 689 1847 Delec.
726 1799 1012 1859 despumat-i,
1047 1799 1320 1860 quemi-sque
1356 1800 1592 1847 asseribus
1629 1799 1943 1849 coambulat-i.
1945 1804 2038 1847 —5
2076 1799 2163 1847 Its
2198 1811 2264 1846 ex
2287 1797 2439 1846 codd.
2475 1798 2697 1846 Hei-dui-

503 1875 599 1910 nus
620 1869 675 1910 et
698 1870 917 1913 receutt.
953 1862 1094 1910 immo
1116 1862 1313 1917 silicem,
1334 1868 1420 1912 aut
1448 1865 1633 1924 paleam
1667 1864 1908 1913 substerni
1947 1862 2063 1912 eod.
2087 1862 2270 1911 Dalec.
2334 1862 2479 1910 immo
2501 1869 2548 1910 et
2563 1863 2696 1927 filice

503 1931 588 2039 agat
605 1928 744 1989 palea
765 1927 1000 1977 substerni
1023 1927 1143 1974 Vet.
1168 1927 1349 1976 Dulce.
1371 1935 1427 1977 et
1449 1928 1526 1977 sie
1548 1928 1763 1976 Vitruv.
1822 1928 1962 1977 imm
1982 1931 2031 1976 et
2050 1927 2183 1976 silice
2203 1931 2290 1976 aut
2308 1928 2445 1988 palea
2465 1926 2697 1975 substerni

565 2004 742 2038 ronov.
767 1998 820 2038 et
846 1992 1006 2053 vulg

568 2055 702 2103 cn.
729 2067 888 2105 Lxm.
912 2006 1139 2104 -ggl‘lta
1158 2054 1313 2105 codd.
1316 2044 1521 2118 Regg.
1558 2061 1614 2104 et
1638 2054 1812 2104 Editio
1853 2021 2129 2117 princeps!
2164 2054 2312 2113 Brut
2364 2087 2377 2103 .
2443 2055 2697 2105 etiannum

503 2117 624 2166 edd.
649 2126 779 2167 vett.
805 2120 1033 2169 Gronov.
1060 2119 1315 2169 Harduin.
1356 2123 1403 2168 l.
1426 2124 1474 2168 2.
1506 2123 1554 2168 8.
1578 2127 1632 2168 et
1656 2128 1880 2168 recentt.
1883 2124 1978 2168 —2
2015 2119 2099 2167 lta
2120 2133 2184 2166 ex
2219 2106 2696 2168 cod.1'1ar‹tu‘inus

501 2190 555 2232 et
590 2190 808 2232 recentt.
845 2185 920 2233 ita
942 2199 1146 2248 quoque
1164 2183 1279 2234 cod
1303 2184 1483 2234 Dalec·
1539 2184 1885 2233 Granium.
1922 2184 1979 2233 S.
2001 2184 2247 2243 festucato
2270 2183 2503 2232 Gronov.
2546 2193 2601 2233 et
2630 2185 2693 2232 81.

1487 2304 1707 2354 NOTAE

1635 2401 1913 2451 Tiburtina
1947 2406 2068 2450 sunt
2093 2401 2367 2461 diligenter
2406 2397 2701 2465 exigends‚’

1634 2480 1734 2527 ὅτε.
1802 2476 2003 2539 Spicati
2042 2477 2213 2537 operis
2251 2477 2450 2525 iconem
2488 2479 2695 2545 Philan·

564 2400 578 2434 ¹
613 2401 930 2466 Despumare]
978 2403 1175 2464 Polire‚
1235 2402 1560 2466 abstergere,

499 2475 709 2533 fricare,
732 2479 808 2527 uti
827 2479 949 2527 nulli
977 2479 1168 2542 gradus
1184 2479 1288 2528 sint
1309 2479 1361 2527 in
1385 2485 1559 2528 sentu-

495 2553 564 2607 ,lis
607 2563 696 2601 8111
744 2554 1028 2617 quadratis.
1102 2554 1312 2603 Vitruv.
1345 2555 1558 2605 loc-cit.

497 2627 586 2690 qui
610 2635 664 2677 et
687 2640 751 2678 ea
772 2625 1113 2692 despumandi
1136 2643 1261 2678 voce
1300 2644 1418 2678 usus
1456 2642 1558 2678 vn.

497 2705 548 2752 4.
574 2718 626 2765 p.
657 2707 767 2751 135.

557 2777 575 2820 J
612 2777 907 2841 Ques-uisque
921 2778 1115 2843 axibus]
1150 2779 1374 2830 Quernis
1407 2794 1553 2828 esen·

495 2852 633 2902 linos
645 2852 914 2902 Vitruvius
927 2855 1218 2917 anteponit,
1235 2856 1334 2905 loe.
1350 2855 1441 2904 cit.
1457 2855 1556 2904 nisi

497 2929 678 2991 querni
723 2931 985 2979 tenuiores
1023 2931 1154 2980 secti
1193 2931 1313 2980 sint.
1380 2933 1468 2982 Sic
1501 2938 1557 2982 et

434 3028 437 3031 ’
498 3007 833 3059 Palladium.
860 3013 909 3057 9.

558 3080 584 3115 ¹¹
622 3084 689 3131 Et
707 3083 918 3148 filicem]
952 3084 1035 3134 Sic
1080 3086 1302 3156 Reg.2.
1336 3100 1456 3150 11011,
1485 3092 1555 3137 ut

495 3158 643 3217 editi,
663 3161 814 3210 silice.
881 3161 1151 3212 Vitruvius
1179 3177 1280 3213 vu
1301 3169 1348 3214 1
1369 3180 1421 3229 p.
1441 3168 1554 3215 127.

494 3239 509 3265 ‘
530 3236 951 3287 Coessationibus
974 3237 1146 3300 factis,
1175 3239 1220 3288 si
1255 3240 1374 3296 erit,
1410 3238 1551 3298 filex,

496 3313 539 3361 si
563 3328 689 3370 non,
706 3315 855 3376 palea
878 3314 1258 3375 substernatur,
1289 3317 1363 3365 uti
1387 3327 1552 3366 mate·

495 3388 597 3437 ries
619 3388 684 3437 ab
707 3389 866 3438 calcis
891 3391 1028 3439 vitiis
1049 3389 1397 3443 defendatur.'
1429 3393 1552 3457 Pal<

492 3463 662 3512 ladius
686 3464 828 3524 item,
846 3464 946 3513 loc.
966 3465 1055 3514 eit.

558 3540 572 3574 ¹
606 3538 960 3600 Necessarium]
1012 3541 1282 3603 Vitruvius
1315 3542 1414 3591 loc.
1457 3542 1551 3592 eit.

493 3615 667 3667 ‘Tunc
703 3616 915 3679 insuper
937 3617 1323 3671 statuminetur,
1342 3631 1438 3668 nee
1455 3619 1550 3666 mi·

491 3706 618 3742 nore
638 3688 785 3754 saxo,
809 3705 959 3754 quam
993 3691 1128 3756 quod
1161 3693 1322 3755 possit
1343 3707 1548 3741 manum

490 3764 753 3833 implere·
775 3762 1137 3817 statuminibus
1176 3768 1422 3830 inductis,
1463 3784 1547 3818 ru·

493 3841 738 3898 deretur-,⁹
767 3846 866 3892 διο.
897 3843 1190 3904 statumen,
1227 3844 1547 3908 pavimento-

494 3929 603 3964 rum
631 3917 799 3966 imum
819 3926 1039 3987 stratum
1065 3927 1159 3968 est.

556 3999 594 4024 ¹¹¹
627 3993 825 4054 Spicata
848 3981 1073 4061 testueea]
1110 3993 1223 4044 Hoc
1267 4001 1367 4059 est,
1403 3997 1547 4058 pavi-

492 4073 716 4116 mentae
745 4070 894 4117 testis
919 4084 1007 4118 seu
1014 4068 1317 4131 laterculis,
1352 4072 1402 4119 in
1439 4070 1541 4120 for·

492 4156 627 4190 utam
652 4141 807 4203 spicae
823 4141 1100 4203 dispositis.
1145 4144 1413 4194 Vitruvius
1434 4159 1537 4195 vu.

494 4221 541 4265 1.
567 4231 683 4280 pag.
714 4220 827 4267 128.
861 4217 876 4244 ‘
899 4216 1030 4266 Item
1072 4226 1298 4269 testacea
1336 4222 1538 4285 spicata

1633 2551 1729 2601 der
1763 2551 1975 2602 exhibet
1998 2552 2062 2601 811
2097 2566 2211 2602 eum
2249 2552 2478 2601 vitruvii
2512 2555 2694 2611 locum,

1634 2643 1688 2693 p.
1716 2632 1830 2678 129.

1698 2711 1723 2737 ¹¹
1777 2703 2071 2765 Groecuuiei]
2136 2704 2499 2770 Subintellige3
2556 2707 2694 2769 pavi-

1632 2780 1814 2830 menti.
1878 2782 2149 2831 Vitruvius
2187 2795 2290 2830 vn.
2331 2787 2381 2831 4.
2416 2797 2538 2846 pag.
2584 2787 2696 2832 135.

1630 2858 1647 2884 ‘
1667 2852 1967 2906 Graecorum
2025 2857 2490 2921 hyberuaculorum
2561 2873 2693 2921 usus,

1632 2933 1720 2995 qui
1760 2933 1967 2982 minime
1991 2942 2282 2983 sumtuosus
2304 2940 2403 2995 est,
2436 2934 2532 2982 sed
2553 2934 2693 2983 utilis

1632 3018 1930 3073 apparatus.
1984 3010 2203 3059 Foditur
2224 3011 2360 3059 enim
2378 3010 2515 3060 intra
2538 3011 2693 3059 libra·

1631 3092 1860 3135 mentum
1885 3085 2097 3134 triclinii
2121 3085 2346 3134 altitudo
2370 3087 2587 3136 circiter
2609 3101 2694 3151 pe-

1631 3159 1752 3209 dum
1776 3161 1982 3210 binum:
2020 3167 2076 3210 et
2097 3162 2205 3210 solo
2222 3162 2467 3212 fistucam
2489 3163 2694 3213 induci·

1631 3242 1726 3307 tur.
1754 3244 1847 3286 aut
1887 3236 2063 3298 rudus,
2098 3244 2186 3287 sut
2226 3245 2513 3288 testaceum
2549 3241 2690 3303 pavi·

1629 3320 1859 3363 mentum
1880 3347 2050 3364 .....
2074 3313 2285 3363 Deinde
2333 3316 2595 3378 congestis
2638 3323 2691 3364 et

1629 3391 1793 3452 spisse
1817 3388 2033 3438 calcetis
2064 3388 2395 3450 carbonibus,
2428 3389 2690 3439 inducitur

1628 3479 1694 3515 ex
1710 3464 1975 3529 sabulone,
1998 3472 2051 3513 et
2074 3465 2236 3519 calce,
2253 3472 2307 3513 et
2329 3462 2506 3529 favilla
2530 3466 2689 3514 mixta

1623 3541 1887 3605 materies,
1909 3541 2247 3602 crassitudine
2268 3541 2597 3606 semipedali,
2620 3542 2685 3591 ad

1626 3619 1855 3682 regulam
1890 3624 1946 3667 et
1986 3617 2244 3666 libellam:
2294 3625 2350 3666 et
2385 3632 2589 3668 summo
2626 3620 2683 3667 11-

1626 3693 1896 3744 bramento
1932 3699 2049 3743 cote
2096 3692 2408 3756 dispumato,
2446 3695 2683 3744 redditur

1624 3770 1823 3832 species
1847 3770 1980 3832 nigri
2021 3769 2320 3832 pavimenti.
2387 3770 2475 3820 Ita
2508 3774 2677 3821 convi-

1571 3862 1582 3869 ·
1621 3845 1719 3893 viis
1743 3859 1938 3907 eorum,
1960 3850 2014 3893 et
2037 3842 2172 3906 quod
2195 3844 2394 3906 poculis
2415 3853 2473 3895 et
2489 3849 2675 3909 sputis·

1622 3922 1773 3969 matis
1804 3918 2108 3978 effunditur,
2141 3919 2291 3967 simul
2327 3927 2485 3984 atque
2521 3922 2678 3985 cadit,

1622 3996 1896 4045 siccescit.
1884 4011 1896 4022 ·
1949 3996 2141 4059 quique
2187 4003 2461 4044 versantur
2482 3996 2556 4046 ibi
2584 3999 2674 4045 mi·

1621 4071 1918 4133 nistrantes,
1938 4072 2036 4120 etsi
2057 4068 2207 4117 nudis
2225 4069 2441 4131 pedibus
2460 4066 2675 4132 fuerint,

1621 4161 1721 4196 non
1748 4147 2007 4210 recipiunt
2030 4143 2196 4208 frigus
2219 4145 2285 4193 811
2308 4144 2561 4208 ejusmodi
2583 4162 2667 4211 ge-

1618 4237 1743 4274 nere
1761 4218 2081 4286 pavimenti-³
