3000 4917
1201 389 1650 440 Auci-onum
2346 380 2519 446 4921

316 527 460 583 ein-,ca
494 530 708 595 Olymp.
750 542 926 580 Lxxx.
960 530 1279 595 Hippocrati
1301 533 1535 597 aequalis.
1582 532 1792 595 Scripta
1813 532 1878 583 ab
1900 546 1965 583 eo
1996 534 2232 586 Laenius
2254 542 2523 588 enumerat

315 611 405 659 lib.
425 625 504 661 rx.
532 628 580 675 p.
601 615 714 662 249.
769 612 1224 675 cosmographias,
1242 613 1626 677 Geographica,
1647 614 1931 665 Historica.
1980 613 2418 679 Agricolationem
2439 627 2520 668 at-

315 690 454 753 tigit.
510 692 589 740 De
611 692 975 742 chamaeleone
995 693 1266 755 scripsisse
1290 694 1491 742 Plinius
1513 695 1588 742 ait
1610 707 1816 745 xxvm.
1847 699 1928 746 29.
1967 697 2105 759 quod
2137 712 2264 759 opus
2291 705 2464 748 tamen
2486 713 2519 748 a

312 771 526 835 Laertio
546 773 968 835 praetermissum.
1009 774 1133 836 Ejus
1152 774 1300 834 liber,
1322 777 1405 838 qni
1428 775 1726 825 inscribitur
1740 774 1845 838 περὶ
1860 779 2037 837 λοιμῶν
2053 776 2084 835 ἢ
2099 781 2322 839 λοιμικῶν
2340 783 2515 845 κακῶν,

312 851 558 902 laudatur
591 868 620 902 a
656 853 832 904 Gellio
854 867 934 902 ιν.
959 858 1037 902 13.
1060 869 1114 918 p.
1138 858 1252 904 303.
1286 870 1317 903 a
1352 856 1639 927 Columella
1662 870 1743 905 xr.
1762 861 1812 906 3.
1846 873 1898 920 p.
1923 860 2036 908 390.
2096 859 2170 920 Is,
2193 875 2345 924 quem
2370 867 2515 924 Γεωρ-

312 935 463 993 γικῶν
485 934 791 997 appellavit,
814 948 843 982 a
867 935 1143 999 Fulgentio
1167 936 1390 999 Mytbol.
1415 937 1450 984 l.
1471 951 1558 986 ur.
1581 952 1626 987 c.
1646 937 1712 986 dc
1735 939 1917 998 Peleo,
1937 954 1989 1003 p.
2010 943 2125 989 145.
2147 940 2273 989 liber
2289 949 2517 1002 φυσιολο-

309 1012 569 1075 γουμένων.
638 1018 717 1066 De
756 1030 933 1078 opere,
954 1016 1088 1080 qrrod
1113 1015 1443 1079 Χειροκμήτων
1475 1024 1591 1067 crat
1610 1019 1937 1082 inscriptum,
1960 1021 2180 1070 diximus
2205 1034 2362 1071 xxrv.
2398 1026 2511 1073 102.

311 1095 546 1144 Plurima
568 1097 696 1145 Doli
718 1097 974 1146 Mendesii
1002 1098 1391 1161 commentaria,
1413 1098 1742 1161 ὑπομνήματα,
1768 1100 1952 1164 quibus
1987 1101 2391 1153 continebantur
2426 1118 2514 1153 cu-

306 1177 537 1226 rationes
571 1178 786 1231 medicae
821 1176 1060 1234 diversae,
1094 1179 1192 1228 sub
1223 1180 1473 1230 ementito
1512 1181 1799 1231 Democriti
1835 1180 2040 1230 nomine
2063 1184 2367 1245 apparuisse
2392 1199 2515 1234 con·

307 1259 548 1322 queritur
570 1260 852 1310 Columella
873 1259 937 1309 de
959 1262 1041 1309 Re
1066 1259 1222 1309 Rust.
1247 1273 1349 1309 vu.
1369 1265 1418 1308 5.
1440 1276 1493 1324 p.
1516 1265 1633 1310 262.
1683 1262 1785 1311 Sed
1811 1263 1883 1310 ibi
1905 1263 2201 1325 legendum,
2236 1265 2369 1314 Beli.
2424 1265 2511 1319 Sic

307 1340 445 1389 enim
485 1340 672 1390 Suidas
708 1341 762 1390 in
803 1342 952 1390 litera
983 1341 1061 1391 B:
1099 1344 1261 1391 Βῶλος
1291 1341 1630 1405 Δημοκρίτειος
1663 1341 1946 1404 φιλόσοφος,
1982 1342 2191 1406 ἱστορίαν
2222 1344 2299 1392 καὶ
2327 1345 2510 1408 τέχνην

307 1418 536 1483 ἰατρικήν·
561 1419 666 1483 ἔχει
685 1419 737 1470 δὲ
754 1420 900 1471 ἰάσεις
922 1421 1142 1483 φυσικὰς,
1161 1439 1209 1471 κ.
1231 1439 1280 1470 τ.
1299 1430 1351 1471 λ.
1388 1424 1459 1472 Et
1481 1432 1680 1486 postea,
1713 1426 1871 1473 Βῶλος
1906 1422 2166 1482 Μενδήσιος
2193 1427 2524 1488 appellatur.-

302 1501 494 1554 Snidas
533 1503 782 1564 genuinos
817 1504 1324 1566 Democriti‘partns
1357 1503 1485 1553 dnos
1522 1505 1776 1568 agnoscit,
1816 1519 1869 1568 p.
1891 1509 2007 1554 680.
2033 1519 2246 1568 quorum
2272 1508 2408 1556 alter
2430 1508 2509 1556 in·

307 1586 534 1649 scriptus
558 1594 713 1641 esset,
751 1582 917 1647 Μέγας
937 1583 1208 1649 διάκοσμος,
1237 1586 1372 1639 alter
1403 1585 1510 1649 περὶ
1534 1584 1721 1647 φύσεως
1742 1584 1939 1646 κόσμου.
1992 1586 2079 1635 De
2103 1586 2390 1637 Democriti
2416 1603 2507 1652 pe-

303 1666 741 1728 regrinationibus
764 1667 992 1716 Plinium
1015 1667 1182 1728 ipsum
1207 1666 1323 1716 vide
1343 1679 1478 1715 xxv.
1501 1673 1550 1716 5.

371 1747 708 1797 Βοιποάιιηιαε.
752 1748 988 1797 Milesius
1014 1762 1044 1796 a
1066 1749 1236 1811 patria
1256 1747 1648 1812 cognominatus
1690 1745 1828 1811 apud
1863 1747 2202 1810 Stephanum,
2221 1748 2380 1798 verbo
2391 1747 2504 1798 Ἀν·

300 1844 467 1877 rum-a.
515 1827 727 1878 Citatur
749 1844 780 1877 a
801 1828 971 1878 Plinio
1007 1842 1085 1877 vr.
1105 1832 1187 1878 18.
1229 1828 1316 1877 ubi
1354 1841 1628 1892 perperam
1666 1828 1922 1877 Dentonem
1958 1828 2219 1879 scribitur.
2270 1828 2430 1879 Hunc
2445 1844 2504 1879 se

302 1910 529 1959 maxime
549 1910 692 1974 sequi
732 1908 783 1959 in
817 1910 1092 1960 itineribus
1136 1908 1416 1967 Alexandri
1453 1909 1809 1959 describendis
1830 1908 2034 1958 Plinius
2058 1909 2350 1972 profitetur.
2417 1909 2508 1958 Li·

303 1991 455 2040 brum
478 1991 545 2040 de
567 1991 933 2051 Halicarnasso
955 1990 1178 2040 edidisse
1200 1991 1393 2040 dicitur
1415 1989 1483 2040 ab
1509 1991 1765 2041 Athenaeo
1785 1990 1875 2039 lib.
1889 2003 1984 2039 xv.
2008 2005 2059 2054 p.
2078 1994 2193 2039 682.
2217 2004 2248 2038 a
2268 2005 2370 2055 quo
2392 1990 2503 2040 Ha-

299 2072 640 2122 licarnasseus
662 2079 896 2122 vocatur.

366 2153 717 2202 Demostratus.
767 2153 1070 2201 senatorem
1108 2152 1394 2201 Romanum
1426 2159 1583 2202 vocat
1617 2151 1842 2203 AElianus
1882 2164 1976 2201 xv.
2004 2154 2085 2201 19.
2122 2166 2157 2200 a
2184 2165 2286 2215 quo
2310 2151 2500 2214 passim

299 2232 428 2283 alibi
451 2232 708 2283 laudatur.
751 2230 1096 2296 Δαμοστράτου
1125 2232 1270 2298 (nam
1308 2237 1377 2281 et·
1399 2232 1475 2282 sic
1499 2245 1702 2297 quoqne
1723 2247 1786 2280 ea
1808 2246 1908 2281 vox
1939 2229 2181 2295 effertur)
2205 2230 2498 2296 ἁλιευτικῶν,

295 2316 411 2364 sive
450 2317 509 2364 de
537 2314 828 2378 Piscatione,
865 2313 1114 2370 meminit,
1151 2319 1343 2376 praeter
1369 2313 1638 2369 AEliannm,
1679 2313 1949 2375 Sosipater
1984 2313 2120 2375 apud
2163 2314 2403 2362 Photium
2445 2315 2497 2362 in

295 2396 439 2445 Bibl.
462 2395 579 2446 cod.
605 2399 715 2446 161.
737 2410 790 2459 p.
810 2386 926 2445 339.
945 2400 1000 2444 et
1023 2393 1209 2443 Suidas
1233 2410 1284 2457 p.
1303 2396 1419 2442 640.
1442 2394 1531 2458 qui
1564 2393 1724 2443 libros
1755 2394 1830 2442 ait
1860 2391 2020 2442 fuisse
2052 2393 2257 2442 omuino
2284 2406 2377 2443 xx.
2401 2392 2498 2442 boe

293 2474 367 2523 de
390 2482 706 2536 argumento.
774 2473 1040 2539 Additque
1074 2472 1340 2536 scripsisse
1365 2473 1492 2543 item
1512 2475 1587 2522 „de
1610 2472 1922 2522 Divinatione
1931 2487 2027 2535 ⁴per
2049 2472 2254 2535 Aquam,
2284 2471 2389 2537 περὶ
2410 2475 2498 2531 τῆς

289 2544 493 2620 ’ἐνύδρου
512 2557 755 2619 μαντικῆς,
777 2556 981 2620 aliaque
1014 2555 1235 2618 plurima
1266 2553 1332 2605 ad
1361 2546 1626 2604 historiam
1662 2553 1977 2616 spectantia.
2040 2553 2320 2603 Oratorem
2343 2561 2497 2604 vocat
2553 2602 2557 2606 Α

293 2637 445 2686 Plut.
466 2637 517 2686 in
540 2635 816 2686 Alcibiade
841 2651 894 2699 p.
916 2639 1033 2684 200.
1510 2672 1515 2678 .
2007 2674 2014 2681 ,

296 2744 311 2752 ·
362 2720 634 2768 Demoteles
672 2719 810 2766 inter
847 2731 937 2766 eos
975 2717 1061 2780 qui
1102 2716 1167 2766 de
1198 2676 1553 2780 pyramidibus
1585 2714 1796 2779 AEgypti
1832 2714 2153 2777 scripserunt
2191 2720 2498 2763 numeratur

295 2812 499 2849 xxxvl.
527 2803 604 2848 17.
627 2806 683 2848 et
712 2801 813 2848 19.
815 2796 1192 2853 Tertullianus
1215 2796 1346 2846 libro
1369 2796 1436 2846 de
1457 2795 1854 2859 spectaculis,c.
1877 2798 1925 2844 8.
1951 2801 2133 2844 auctor
2154 2803 2255 2858 est,
2277 2795 2354 2844 de
2372 2795 2499 2845 obe-

290 2881 439 2930 liscis
458 2879 719 2945 quidpiam
745 2878 1033 2942 prodidisse
1061 2878 1232 2927 literis
1271 2878 1629 2927 Hermatelem
1664 2876 1837 2925 nescio
1874 2890 2025 2941 quern
2050 2893 2063 2923 ε
2109 2890 2259 2940 quam
2286 2875 2492 2939 quidem

291 2974 473 3010 vocem
498 2959 833 3023 depravatam
858 2973 968 3009 esse
1002 2959 1247 3020 conjicio,
1269 2958 1515 3021 illumque
1550 2958 1683 3005 bunc
1721 2958 1889 3019 ipsum
1912 2970 2048 3017 esse,
2071 2969 2175 3019 quo
2200 2956 2267 3004 de
2290 2956 2493 3005 Plinius

180 3052 202 3068 ‘
290 3039 407 3093 hoc
419 3041 533 3090 loco
555 3040 698 3103 agit:
737 3048 894 3104 atque
916 3038 1047 3087 adeo
1070 3039 1362 3087 Demolelem
1383 3037 1454 3086 ibi
1477 3035 1883 3085 rescribendum.

297 3121 604 3182 Dmgoras
621 3120 848 3183 medicus.
881 3119 1100 3183 Scripsit
1122 3118 1190 3166 de
1211 3118 1390 3168 Rebus
1413 3116 1787 3178 Hortensibns,
1805 3129 1898 3164 seu
1927 3114 2034 3179 περὶ
2053 3117 2230 3178 φυτῶν,
2260 3117 2318 3166 de
2341 3117 2489 3166 Plen-

290 3201 387 3251 tis.-
413 3200 614 3250 Laudat
635 3201 769 3249 hunc
790 3198 1122 3249 Dioscorides
1144 3212 1223 3248 lv.
1245 3202 1328 3247 63.
1402 3240 1405 3243 .

300 3308 311 3315 ·
360 3281 695 3343 Dicaearchus,
713 3272 1003 3330 Messenius
1029 3295 1058 3328 e
1079 3278 1261 3328 Sicilia
1283 3277 1401 3340 fuit,
1421 3276 1714 3327 Aristotelis
1738 3275 1965 3332 auditor,
1988 3281 2125 3326 teste
2152 3234 2320 3326 Schol.
2342 3274 2489 3326 Aris·

291 3363 444 3426 toph
467 3362 520 3410 in
542 3361 705 3423 Pace,
725 3375 775 3424 p.
797 3364 913 3410 716.
936 3366 991 3409 et
1012 3359 1174 3409 Suida
1197 3372 1249 3422 p.-
1271 3362 1387 3408 730.
1413 3374 1444 3406 a
1466 3372 1570 3423 quo
1603 3358 1757 3407 etiam
1791 3356 2096 3419 accipimus,
2128 3356 2179 3405 id
2215 3358 2352 3420 quod
2377 3358 2491 3408 Pli-

288 3444 409 3492 nius
432 3441 596 3490 tradit
618 3455 680 3490 u.
704 3445 787 3490 65.
809 3440 1080 3502 scripsisse
1101 3453 1217 3488 eum
1251 3438 1598 3486 dimensiones
1631 3436 1875 3487 montium
1913 3436 2259 3498 Peloponnesi
2278 3453 2294 3486 z
2330 3437 2488 3488 libros

290 3521 481 3572 deinde
507 3529 612 3571 tres
638 3521 702 3570 de
724 3521 931 3585 populis
953 3528 1009 3569 et
1041 3519 1340 3568 civitatibus
1372 3518 1629 3576 Graeciae:
1664 3518 1811 3581 cujus
1853 3517 2027 3580 operis
2062 3516 2299 3567 meminit
2330 3518 2488 3567 etiam

289 3603 576 3666 Athenaeus
607 3601 698 3651 lib.
722 3614 849 3651 xm.
872 3615 925 3663 p.
946 3604 1061 3649 557.
1084 3608 1139 3649 et
1173 3601 1357 3650 Cicero
1393 3599 1457 3648 ad
1498 3599 1661 3655 Attic.
1695 3612 1759 3648 n.
1782 3603 1834 3648 2.
1870 3613 1922 3660 p.
1942 3601 2027 3646 45.
2050 3604 2104 3658 et
2127 3611 2204 3646 vr.
2227 3602 2275 3647 2.
2297 3612 2349 3660 p.
2373 3600 2486 3646 171.

286 3684 464 3748 Ipsius
489 3681 871 3746 Geographiam
892 3687 1075 3730 extare
1100 3682 1204 3730 Ms.
1228 3681 1278 3729 in
1297 3680 1631 3730 Bibliotheca
1653 3681 2023 3741 Fuggerorum,
2045 3676 2120 3725 ait
2142 3678 2205 3726 P.
2231 3676 2487 3737 Labbeus,

288 3765 341 3813 in
365 3765 519 3814 Nova
541 3763 680 3813 Bibl.
702 3762 947 3810 librorum
970 3761 1102 3809 Mss.
1125 3775 1180 3823 p.
1206 3764 1317 3810 169.
1379 3760 1484 3810 Sed
1510 3774 1626 3824 qum
1647 3757 1786 3808 forte
1818 3756 1953 3806 haud
1986 3756 2088 3805 alia
2120 3761 2199 3804 est
2224 3770 2372 3818 quam
2396 3757 2487 3805 illa

288 3844 403 3906 ejus
420 3842 699 3906 Ἀπογραφὴ
719 3843 807 3900 τῆς
827 3838 1060 3890 Ἑλλάδος
1088 3840 1202 3904 πρὸς
1232 3838 1551 3903 Θεόφραστον,
1586 3853 1699 3902 quae
1732 3838 1876 3887 edita
1898 3844 1978 3889 est
2001 3835 2250 3898 Auguste
2276 3835 2485 3887 vindel.

291 3938 377 3974 an.
404 3927 549 3972 1600.
607 3922 903 3971 Dicaearchi
926 3919 1278 3978 Παναθηναϊκὸν
1295 3919 1474 3969 laudat
1497 3920 1671 3969 Schol.
1693 3916 1960 3979 Aristopb.
1984 3916 2036 3965 in
2059 3915 2267 3979 Vespis,
2291 3930 2343 3979 p.
2365 3921 2482 3966 467.

284 4001 631 4069 Τριπολιτικὸν,
655 4001 939 4050 Athenaeus
963 4001 1052 4050 lib.
1076 4014 1151 4050 ιν.
1177 4016 1225 4063 p.
1251 4003 1363 4050 140.

354 4084 597 4134 Dieuches
617 4083 852 4146 Medicus,
874 4079 1085 4143 Διεόχης
1105 4072 1325 4138 Galeno,
1349 4082 1641 4131 comment.
1658 4093 1723 4129 11.
1744 4079 1794 4127 in
1814 4077 1905 4128 lib.
1923 4076 2178 4140 Hippocr.
2196 4075 2262 4124 de
2277 4076 2482 4127 Natura

246 4146 257 4155 ⁸
288 4166 449 4216 Hom.
474 4174 597 4214 tom.
621 4178 706 4213 ιιι.
731 4177 782 4226 p.
799 4168 918 4213 137.
940 4171 995 4212 et
1025 4165 1078 4212 in
1102 4162 1327 4213 Prooenr.
1348 4163 1440 4213 lib.
1466 4175 1548 4211 vr.
1583 4160 1648 4210 de
1670 4160 1870 4209 Facult.
1888 4158 2051 4221 Simp.
2075 4155 2272 4207 Medic.
2296 4170 2346 4217 p.
2367 4160 2479 4207 144.

285 4244 509 4308 scripsit
530 4243 599 4295 de
618 4243 881 4306 Brassica,
904 4250 958 4296 et
982 4240 1319 4306 Θερακεοτικό.
1353 4241 1620 4295 Laudatur
1641 4247 1696 4291 et
1718 4238 1784 4289 ab
1816 4237 2075 4290 Athenaeo
2095 4236 2303 4299 Διεύχης
2326 4235 2480 4301 ἰατρὸς
