3000 4917
877 363 1056 413 NA'r.
1100 364 1298 414 ins-r.
1346 364 1493 415 ms.
1542 365 1828 417 xxxvi.
1874 351 1984 416 14.

2341 358 2512 423 4711

321 507 577 574 amoris
634 507 701 571 in
761 507 1135 591 conjugem,
1194 509 1648 593 eandemque*
1705 528 1998 577 sororem
2059 509 2471 596 Arsinoen&
2495 526 2514 554 ⁵

320 608 492 674 Inde
538 629 690 674 eum
734 609 1089 674 navalibus
1117 609 1612 677 incommodum
1641 611 1989 679 Maximus
2020 616 2297 699 quidam
2318 628 2516 702 ‘prae-

1232 774 1597 795 “omnmo-0

321 843 754 919 vulgg.-l9⁴1ta
785 855 940 907 codd.
966 855 1223 905 Harduiui
1247 863 1304 906 et
1324 856 1446 905 Vet.
1470 856 1655 908 Dalee.
1675 872 1790 908 eum
1822 828 2219 911 eddsflarduin.
2244 866 2291 913 1.
2318 867 2366 915 2.
2391 868 2439 913 3.
2464 872 2520 914 et

1314 987 1531 1039 No'rAE

386 1089 406 1115 ⁸·
451 1076 467 1109 ι’
502 1082 826 1149 Eandemque]
876 1082 1234 1150 [Egyptiorum
1290 1085 1379 1135 ille

321 1172 504 1220 regum
527 1173 638 1208 mos
660 1157 775 1208 fuit.
841 1160 1012 1210 Testis
1035 1160 1247 1226 insignis
1272 1175 1379 1225 prae

319 1233 515 1283 ceteris
535 1235 540 1242 '
559 1234 614 1283 in
654 1235 919 1285 Thesauro
963 1238 1109 1300 regio
1148 1252 1381 1288 nummus

320 1312 705 1376 aureus,cujus
744 1327 865 1376 pars
906 1315 1047 1378 prior
1082 1315 1255 1379 capita
1277 1316 1380 1367 duo

320 1387 554 1449 exhibet,
574 1403 790 1453 quorum
809 1392 1026 1442 alterum
1046 1393 1199 1441 alteri
1215 1395 1382 1456 appli-

319 1463 483 1513 citum
507 1472 622 1514 est:
648 1458 1170 1531 epigraphe,0mN.'
1194 1470 1380 1519 Poste-

318 1540 427 1590 rior
449 1542 631 1605 capita
652 1542 753 1593 duo
775 1544 895 1604 alia,
914 1550 966 1593 et
1000 1546 1220 1594 alterum
1243 1545 1381 1595 simi·

318 1616 441 1666 liter
481 1618 788 1683 applicitum
842 1621 1026 1671 alteri:
1080 1621 1382 1687 epigraphe,

289 1747 294 1751 ,
319 1677 623 1744 alm-mn.
690 1696 925 1746 Vidimus
948 1704 1003 1748 et
1026 1697 1178 1747 alium
1209 1698 1382 1763 pondo

322 1784 598 1822 aureorum
623 1769 994 1823 Francicorum
1027 1774 1201 1823 trium.
1266 1773 1384 1824 Θεὸς

320 1859 475 1896 nemo
501 1848 701 1911 Regum
725 1848 937 1913 AEgypti
969 1849 1050 1898 vel
1084 1849 1249 1913 Syria
1273 1850 1381 1899 ‹lie-

321 1930 410 1972 tns
426 1930 531 1986 est,
545 1926 625 1974 vel
646 1925 751 1976 dici
775 1928 966 1990 potuit,
982 1933 1102 1977 ante
1121 1926 1381 1975 Philome-

320 2003 512 2062 torem,
533 2001 617 2049 vel
651 2002 903 2065 equalem
928 2002 1042 2064 ejus
1065 2000 1380 2051 Antiochum

319 2076 458 2129 Θεόν.
527 2080 684 2129 Nune
718 2081 830 2144 pari
854 2080 973 2144 jure
996 2081 1186 2141 conjux
1206 2079 1382 2128 Philo·

318 2153 535 2205 metoris
557 2154 655 2205 Θεὸ
676 2157 997 2220 appellatur:
1022 2171 1161 2220 quae,
1181 2155 1277 2205 nisi
1301 2169 1381 2204 so·

321 2242 410 2279 ror
432 2231 666 2294 ejusdem
688 2241 846 2289 esset,
869 2246 984 2281 esse
1018 2230 1133 2291 Θεὰ,
1168 2231 1251 2279 vel
1275 2244 1383 2279 om-

317 2305 444 2354 nino
470 2307 751 2370 Cleopatra
789 2307 892 2357 dici
925 2321 1025 2356 non
1060 2306 1251 2371 potnit.
1318 2306 1382 2355 In

318 2379 491 2430 altera
507 2382 659 2444 hujus
681 2377 1040 2446 nummi'parte
1057 2390 1177 2431 sunt
1195 2380 1385 2430 utrius-

319 2470 427 2519 que
444 2463 708 2519 parentes,
725 2459 1043 2508 Ptolemaeus
1059 2457 1384 2520 Philopator,

318 2532 412 2597 qui
433 2541 491 2582 et
506 2534 776 2599 Tryphon,
793 2549 909 2584 eum
931 2534 1153 2598 conjuge
1176 2534 1385 2582 eadem·

321 2622 428 2671 que
451 2622 645 2659 sorore.
693 2610 847 2659 Unde
870 2617 926 2659 et
949 2609 1101 2658 ambo
1120 2614 1383 2658 ΑΔΕΛΦΟῙ

321 2693 599 2736 vocantur.
688 2685 1012 2734 Philometor
1060 2684 1220 2747 igitur
1267 2699 1383 2733 eum

324 2758 616 2824 Cleopatra
638 2762 883 2823 conjuge,
902 2768 959 2809 et
984 2759 1170 2809 eadem
1192 2773 1386 2820 sorore,

323 2836 380 2886 in
420 2833 520 2887 hoe
557 2850 764 2887 nummo
800 2835 1033 2899 pingitur
1070 2842 1220 2898 parte
1250 2849 1381 2895 una3

324 2920 383 2961 et
405 2912 560 2961 ambo
593 2912 663 2962 ihi
695 2916 870 2961 anot:
908 2913 959 2960 in
997 2911 1163 2959 altera
1194 2909 1385 2959 deinde

305 2989 743 3051 ·AA1·:A§nu,hoc
772 2993 878 3043 est‚'
905 2985 1085 3036 fratris
1118 2995 1175 3036 et
1199 2987 1387 3036 sororis

325 3066 530 3130 pariter
550 3079 727 3126 regum
747 3063 891 3128 (nam
913 3069 1036 3113 sunt
1056 3062 1279 3113 omnium
1298 3076 1388 3112 ea·

325 3143 440 3207 pita
463 3141 642 3191 cincta
662 3136 982 3203 diademate)
1003 3138 1095 3188 filii
1127 3140 1388 3203 appellau-

326 3226 429 3270 tur.
495 3217 606 3268 Θεοὶ
626 3218 844 3279 iosap&
861 3216 1117 3277 dicuntur,
1150 3231 1255 3280 qna
1284 3215 1388 3266 for·

322 3310 410 3345 ma
427 3304 481 3346 et
503 3296 521 3325 ‘
539 3294 837 3344 Alexander
855 3292 1121 3357 Philippi,’
1136 3291 1388 3342 subintel-

326 3374 468 3421 lecto
506 3370 601 3420 filii
640 3369 867 3432 nomine,
888 3374 1231 3434 nuncupatur.
1301 3368 1387 3417 Vi·

323 3449 497 3500 dimus
517 3463 583 3496 ex
606 3461 732 3496 auro
749 3445 964 3495 similem
988 3443 1380 3508 pulcherrimum

323 3524 465 3589 apud
485 3525 560 3573 D.
584 3524 649 3573 de
666 3523 837 3572 Bone:
859 3521 911 3569 in
934 3535 1035 3585 quo
1055 3534 1203 3584 aeque
1221 3526 1382 3584 atque

324 3602 379 3651 in
419 3601 538 3649 aliis
570 3606 626 3649 et
655 3606 772 3647 suut
806 3599 998 3664 clausis
1018 3597 1181 3648 oculis
1203 3597 1383 3646 Ptole-

326 3685 490 3725 maeus
533 3675 838 3737 Philopator
879 3680 935 3722 et
978 3687 1127 3734 uxor,
1172 3680 1229 3722 ιιι
1268 3673 1383 3736 jam

326 3750 440 3801 fato
482 3749 689 3809 funeti3
723 3756 777 3798 et
816 3748 1057 3812 majorem
1103 3746 1385 3812 praeferunt

326 3833 560 3886 aetatem,
580 3825 766 3890 quihus
789 3835 977 3874 nomen
997 3830 1280 3873 AAEAfflN
1303 3839 1386 3873 su·

325 3902 673 3966 perscriptum
696 3904 800 3958 est,
818 3915 969 3964 quam
989 3901 1173 3963 quibus
1190 3905 1382 3949 ΘΕΩΝτ

329 3981 573 4042 quoniam
599 3977 845 4028 videlicet
865 3977 940 4026 illi
969 3983 1231 4041 parentes,
1251 3979 1302 4025 hi
1325 3977 1384 4025 li-

331 4054 443 4103 beri
488 4059 645 4103 sunt:
695 4053 918 4117 ideoque
955 4052 1008 4101 hi
1050 4067 1153 4102 non
1198 4053 1387 4102 clausis

329 4131 515 4192 oeulis,
534 4129 625 4179 sed
647 4128 863 4191 apertis,
879 4135 937 4176 ιιι
950 4127 1070 4191 vivi,
1091 4128 1390 4191 pinguntur·

331 4209 518 4273 ltaque
552 4204 650 4255 θεοὶ
690 4206 910 4267 ἀδελφοῖν
948 4205 986 4254 ii
1027 4204 1296 4254 dicuntur-z
1333 4201 1388 4251 id

1452 1086 1587 1151 qnod
1624 1086 1759 1137 idem
1786 1089 1928 1138 valet
1951 1102 2012 1138 ae
2037 1085 2080 1136 si
2105 1087 2269 1151 dicas,
2288 1089 2387 1138 orti
2412 1105 2518 1138 am-

1454 1162 1522 1212 bo
1545 1178 1612 1212 ex
1634 1169 1804 1227 patre,
1837 1179 1954 1225 avo,
1994 1178 2205 1228 proavo,
2244 1165 2515 1230 sbavoque

1454 1239 1696 1303 regihus3
1738 1255 1910 1305 neque
1946 1242 2040 1291 hoe
2078 1236 2295 1297 tautum,
2330 1242 2424 1291 sed
2464 1249 2522 1291 et

1455 1315 1611 1365 iidem
1634 1316 1786 1366 ambo
1813 1317 1907 1366 filii
1930 1316 2147 1366 filiorum
2186 1331 2384 1380 regum,
2418 1318 2519 1368 hoe

1453 1398 1556 1455 est,
1579 1407 1646 1441 ex
1669 1401 1836 1443 matre
1860 1394 2017 1442 etiam
2043 1377 2154 1441 n'ati
2175 1394 2345 1454 ambo,
2360 1393 2520 1458 siqui-

1453 1467 1570 1517 dem
1589 1465 1802 1531 fratres,
1816 1482 1934 1534 quae
1954 1469 2068 1532 ipsa
2090 1477 2230 1519 esset
2253 1484 2319 1518 ex
2345 1477 2517 1534 patre,

1455 1558 1573 1605 avo,
1608 1551 1664 1593 et
1701 1558 1898 1607 proavo
1931 1543 2136 1608 regibus
2156 1550 2306 1594 orta:
2344 1544 2438 1594 nai
2468 1551 2518 1595 et

1453 1621 1608 1670 Reine
1627 1619 1715 1671 ιιέε
1734 1623 1793 1670 de
1817 1620 1956 1680 frere
1993 1627 2042 1670 et
2071 1623 2130 1670 de
2149 1635 2276 1670 soear
2309 1620 2432 1670 isses
2459 1623 2520 1671 de

1453 1696 1578 1745 trois
1601 1697 1735 1745 Rois.
1793 1696 1964 1745 Voces
1986 1698 2118 1745 enim
2143 1697 2322 1746 ambos
2346 1702 2515 1747 ΘΕΩΝ

1453 1775 1737 1822 ΑΔΕΛΦΩΝ
1770 1771 2017 1834 conjungi
2051 1779 2317 1836 oportere,
2351 1774 2521 1822 mani·

1454 1845 1591 1897 feste
1637 1847 1793 1897 docet
1843 1861 2080 1896 nummus
2126 1848 2278 1905 alter,
2322 1848 2375 1896 iu
2415 1863 2519 1913 quo

1456 1922 1662 1973 unicam
1685 1922 2009 1985 epigraphen
2033 1923 2197 1985 partis
2219 1924 2409 1973 anticae
2433 1939 2522 1977 vo·

1456 2011 1548 2047 ces
1569 2011 1646 2047 eoe
1672 1997 1789 2046 dum
1813 1994 2042 2046 efficiunt
2063 2014 2080 2047 ε
2117 2000 2322 2049 tametsi
2346 2001 2518 2051 vultus

1456 2071 1612 2122 iidem
1636 2080 1859 2136 quatuor
1891 2081 2161 2137 utramque
2185 2075 2406 2138 implent
2429 2090 2521 2139 pa·

1456 2152 1652 2216 ginam,
1675 2153 1772 2202 hoe
1795 2159 1896 2216 est,
1925 2152 2115 2201 nummi
2139 2168 2332 2204 aream.
2401 2154 2521 2204 Θεὸς

1456 2229 1509 2276 in
1533 2229 1753 2277 nummis
1774 2226 1987 2290 AEgypti
2025 2228 2108 2276 vel
2143 2228 2308 2292 Syriae
2334 2244 2516 2294 regum

1457 2317 1560 2353 non
1605 2302 1797 2352 Divum
1837 2301 2111 2364 significat,
2148 2304 2259 2353 sive
2295 2293 2518 2355 relatum'

1456 2377 1596 2427 inter
1629 2378 1810 2440 Divos,
1839 2384 1931 2427 aut
1965 2386 2341 2428 consecratum.
2409 2380 2522 2431 Ne-

1458 2468 1560 2518 que
1581 2455 1719 2504 euim
1743 2461 2032 2519 consecrat,
2060 2462 2153 2504 aut
2183 2456 2322 2505 inter
2358 2457 2521 2507 Divos

1458 2532 1687 2596 reponit,
1710 2532 1807 2583 nisi
1833 2531 2063 2602 potestas
2087 2533 2323 2599 superior
2345 2549 2408 2585 eo
2431 2536 2522 2600 qui

1457 2619 1808 2661 consecratur.
1874 2612 1951 2660 Ea
1973 2626 2132 2662 eausa
2154 2620 2254 2670 est,
2273 2629 2368 2664 cur
2394 2616 2522 2665 nulli

1460 2688 1659 2749 Regum
1685 2688 1736 2737 in
1762 2687 1992 2746 Graecia,
2007 2689 2174 2753 Syria,
2193 2691 2272 2740 vel
2291 2692 2522 2755 AEgypto

1459 2764 1749 2812 consecrati
1762 2771 2069 2827 appareant,
2087 2779 2153 2814 ne
2173 2766 2288 2828 ipse
2309 2767 2521 2831 quidem

1460 2836 1762 2888 Alexander
1787 2839 2042 2902 Magnus3
2084 2842 2282 2906 quippe
2303 2843 2392 2906 qui
2417 2844 2523 2893 siut

1460 2915 1576 2978 ipso
1600 2914 1722 2977 jure
1744 2916 1990 2964 natalium
2015 2916 2134 2965 Divi
2160 2924 2278 2979 post
2298 2925 2520 2969 mortem

1462 2989 1651 3051 Reges,
1687 2989 1785 3038 hoe
1820 2997 1917 3052 est,
1953 2995 2013 3039 ut
2045 2990 2248 3040 Gallice
2272 2992 2522 3043 dicimusz

1459 3065 1520 3114 de
1555 3065 1796 3126 glor-iente
1838 3070 1886 3113 et
1926 3064 2243 3129 triomphato
2278 3067 2522 3120 aimoin.

1459 3139 1640 3204 Atque
1678 3139 1802 3188 hine
1841 3139 2118 3204 intelliges,
2157 3140 2210 3189 id
2250 3142 2389 3204 quod
2427 3144 2520 3193 ali·

1461 3215 1600 3266 unde
1635 3221 1845 3264 constat
1874 3215 2204 3278 argumentis,
2228 3215 2522 3281 Imperato-

1460 3303 1546 3339 res
1578 3290 1840 3340 Romanos
1867 3290 2083 3358 Senatui
2119 3289 2282 3341 fuisse
2317 3292 2521 3356 subjee-

1460 3372 1564 3428 tos,
1596 3381 1629 3416 a
1663 3380 1765 3431 quo
1801 3365 1978 3431 utique
2002 3367 2442 3418 consecrabantur
2465 3370 2522 3432 ii,

1462 3442 1553 3506 qui
1574 3443 1709 3490 huuc
1731 3438 1828 3489 sibi
1855 3448 1975 3504 post
1996 3440 2192 3490 obitum
2217 3440 2411 3493 deferri
2435 3446 2522 3494 ho-

1463 3534 1639 3572 norem
1663 3519 1715 3568 in
1739 3520 1849 3567 vita
1870 3518 2190 3570 meruissent.
2254 3520 2373 3571 Hoe
2407 3520 2522 3577 fuit,

1463 3603 1582 3648 aeta
1622 3611 1799 3647 eorum
1840 3595 2010 3644 omnia
2053 3595 2169 3646 rata
2222 3597 2422 3660 haberi,
2463 3607 2522 3650 et

1465 3672 1674 3736 publiea
1697 3671 2009 3720 auctoritate
2025 3671 2333 3722 confirmari.
2357 3675 2520 3724 Deni-

1464 3761 1565 3812 que
1587 3747 1706 3796 hiue
1725 3759 1930 3810 quoque
1963 3745 2153 3809 disces,
2176 3746 2357 3796 falsam
2382 3748 2521 3799 illam

1462 3822 1746 3886 fictamque
1770 3822 2165 3884 inscriptionem
2189 3835 2323 3886 esse,
2338 3829 2521 3877 8201}

1466 3902 1743 3954 zn‘rm’zt,
1767 3913 1881 3963 quae
1905 3897 2076 3946 dicata
2108 3898 2399 3950 Ptolemoeo
2426 3903 2520 3953 So·

1467 3977 1569 4026 teri
1593 3982 1649 4024 et
1671 3974 1882 4037 conjugi
1906 3974 2128 4023 dicitur!
2160 3975 2256 4025 Ed.
2278 3989 2369 4027 sec.

1530 4059 1549 4085 ⁸
1581 4048 1869 4113 ‘Arsinoe'aJ
1906 4050 2162 4098 Nummus
2193 4051 2518 4103 tetradrach-

1465 4140 1565 4175 mm
1599 4124 1830 4189 pondere
1862 4138 1929 4173 ex
1963 4139 2089 4175 auro
2112 4125 2346 4188 eximius,
2367 4143 2521 4192 quem

1467 4199 1689 4251 vidimus
1714 4198 1851 4264 apud
1867 4199 1935 4249 D.
1951 4199 2185 4258 Clesus,
2199 4211 2360 4266 eaput
2381 4203 2517 4253 vela·
