3000 4917
463 419 639 492 4942
1445 431 1694 486 INDEX

462 583 677 636 Laertio
698 579 751 631 in
772 580 887 646 ejus
909 579 1054 641 Vita,
1078 594 1133 643 p.
1154 582 1239 629 25.
1305 575 1389 628 An
1413 578 1545 628 alius
1571 593 1603 628 a
1638 577 1815 628 Plinio
1847 576 1902 630 in
1928 575 2117 628 Iudice
2152 577 2275 630 libri
2307 577 2485 645 quinti
2505 576 2692 641 signe·

463 674 574 726 tur,
596 663 733 714 haud
757 663 882 714 satis
905 661 1102 727 liquido
1128 669 1397 724 possumus
1422 658 1701 709 affirmare.

527 746 767 797 Petosiris
789 744 1064 809 AEgyptius
1091 741 1514 801 Mathematicus,
1535 740 1603 790 de
1627 756 1729 804 quo
1750 740 2023 794 Juvenalis
2045 740 2157 791 Sat.
2176 753 2251 790 vi·
2273 745 2391 791 378.
2423 740 2441 769 ‘
2458 740 2695 804 Capienae

464 826 532 878 do
552 827 695 876 nulla
720 826 926 876 videtur
950 823 1139 888 Aptior
1159 825 1287 873 hora
1309 823 1450 881 cibo,
1472 822 1568 871 nisi
1593 836 1745 887 quam
1768 821 1976 872 dederit
1999 820 2295 878 Petosiris.’
2350 821 2693 884 Astrologica

464 908 737 971 scripsisse
757 915 941 956 auctor
963 913 1044 958 est
1066 903 1252 954 Snidas
1279 913 1417 952 tomo
1443 917 1506 953 ιι.
1541 918 1594 966 p.
1616 906 1732 954 512.
1800 901 1973 967 Hujus
1998 902 2273 966 epistolam
2297 900 2691 965 Astrologicam

465 989 531 1040 ad
575 990 910 1052 Nechepsum
945 986 1143 1048 Regem
1183 985 1234 1035 in
1271 985 1598 1033 Bibliotheca
1632 984 1874 1033 Caesarea
1906 982 2122 1031 Viennae
2146 989 2334 1032 extare
2359 983 2465 1033 Ms.
2501 991 2692 1032 auctor

464 1076 547 1120 est
584 1070 650 1122 P.
689 1066 1000 1122 Lambecius
1038 1066 1126 1117 lib.
1160 1079 1266 1118 vn.
1307 1079 1359 1129 p.
1400 1068 1513 1113 118.
1550 1071 1607 1112 et
1643 1064 1694 1111 in
1735 1062 1874 1116 Bihl.
1916 1064 2045 1113 Mss.
2084 1065 2273 1113 Renati
2309 1064 2501 1115 Moraei
2539 1062 2695 1113 Med.

462 1148 635 1204 Paris.
658 1150 724 1198 P.
748 1148 1009 1206 Labheus,
1038 1147 1089 1196 in
1127 1146 1279 1200 Nova
1303 1145 1443 1196 Bihl.
1465 1145 1711 1194 librorum
1738 1145 1866 1193 Mss.
1890 1160 1942 1209 p.
1969 1149 2085 1196 213.
2153 1145 2399 1208 Ejusdem
2427 1143 2693 1194 Petosiris

464 1230 531 1280 ad
557 1230 893 1293 Nechepsum
918 1230 1112 1293 Regem
1147 1243 1396 1291 organum
1422 1227 1807 1288 Astrologicum
1831 1228 2082 1276 asservari
2116 1231 2343 1277 testatur
2368 1225 2508 1275 idem
2535 1226 2692 1275 Lam-

463 1310 646 1361 hecius
667 1311 722 1361 in
745 1310 1080 1361 Bibliotheca
1108 1309 1222 1374 jam
1258 1317 1382 1359 ante
1416 1308 1648 1372 laudata,
1686 1308 1785 1358 loc.
1823 1308 1915 1360 cit.
1983 1308 2249 1359 Petosirin
2284 1314 2342 1358 et
2382 1308 2690 1370 Necepsum

463 1392 635 1444 Julius
660 1391 912 1442 Firmicus
942 1391 1033 1440 libs
1054 1403 1136 1440 tv.
1169 1390 1399 1440 Mathes.
1423 1390 1475 1438 in
1501 1386 1653 1452 praef.
1679 1403 1732 1451 p.
1754 1393 1836 1438 45.
1860 1387 2064 1438 divinos
2089 1388 2227 1438 viros
2250 1389 2510 1452 appellat,
2529 1394 2695 1451 atque

462 1474 604 1523 omni
626 1472 968 1523 admiratione
992 1470 1199 1535 dignos,
1232 1484 1449 1536 quorum
1489 1470 1768 1534 prudentia
1790 1477 1847 1518 et
1880 1470 1995 1535 ipsa
2027 1477 2234 1522 secreta
2271 1463 2693 1520 divinitatis‘soe

463 1553 649 1615 cessit,
674 1556 773 1603 &m
1213 1552 1221 1558 ‘

528 1633 803 1688 Petrichus»
864 1632 955 1683 Sic
989 1631 1130 1682 enim
1170 1631 1261 1681 illa
1298 1646 1397 1682 vox
1438 1630 1599 1681 scribi
1627 1630 1808 1687 dehet,
1832 1635 1890 1679 ut
1928 1630 1981 1680 in
2015 1630 2161 1681 Colb.
2186 1628 2305 1682 cod.
2329 1634 2447 1682 m.
2476 1628 2570 1680 tib.
2591 1641 2692 1682 ΣΧ.

462 1719 547 1768 96.
570 1715 787 1780 aliisque
806 1712 1115 1779 quibusdam
1137 1713 1189 1761 in
1214 1712 1352 1764 locis.
1389 1710 1630 1775 ophiaca
1653 1710 1926 1773 scripsisse
1950 1726 1981 1761 a
2005 1712 2177 1761 Plinio
2199 1711 2394 1762 dicitur
2416 1712 2535 1761 loco
2557 1711 2694 1760 cita·

464 1803 554 1846 to:
605 1802 664 1845 et
698 1811 729 1843 a
767 1794 1022 1845 Nicandri
1053 1794 1360 1853 Scholiaste,
1386 1793 1451 1843 ad
1489 1793 1764 1851 Theriaca,
1811 1807 1862 1856 p.
1884 1796 1970 1844 27.
2039 1791 2293 1856 Πᾶιριχος,
2332 1793 2385 1841 ἐν
2419 1793 2692 1854 Ὀφιακοῖς.

464 1877 538 1930 Et
559 1890 680 1942 pag.
700 1880 783 1927 30.
816 1873 1054 1940 ner-pexos
1074 1876 1128 1925 ἐν
1155 1878 1232 1938 τῷ·
1251 1876 1483 1940 Ὀφιακῷ,
1507 1875 1607 1925 hoc
1646 1882 1747 1937 est,
1775 1874 1828 1924 in
1861 1888 1924 1925 eo
1961 1874 2115 1939 libro,
2136 1889 2239 1941 quo
2271 1875 2340 1924 de
2375 1873 2695 1939 &menium

465 1960 664 2010 Natura
687 1958 944 2023 disputat.

530 2040 809 2091 Petronius.
871 2040 959 2089 De
983 2054 1047 2089 eo
1064 2039 1288 2090 diximus
1312 2039 1364 2089 in
1389 2039 1639 2090 Diodoto.

529 2121 747 2171 Phanias
771 2119 1027 2186 Physica,
1051 2135 1203 2185 quem
1234 2120 1412 2171 laudat
1434 2111 1733 2184 Antigonus
1760 2120 2031 2186 Carystius
2055 2120 2260 2171 Hister.
2281 2120 2478 2171 Mirab.
2502 2134 2552 2171 c.
2578 2123 2694 2170 171.

464 2202 641 2268 patria
664 2201 903 2264 Lesbius,
927 2208 986 2251 ut
1007 2202 1082 2251 ait
1100 2201 1417 2251 Plutarchus
1439 2201 1492 2250 in
1525 2201 1737 2263 Solone,
1758 2216 1810 2265 p.
1832 2206 1917 2252 85.
1941 2209 1998 2260 et
2020 2202 2071 2251 iu
2095 2200 2465 2258 Themistocle,
2491 2216 2546 2265 p.
2572 2204 2692 2252 115.

465 2284 570 2345 vel,
593 2289 653 2333 ut
684 2282 969 2334 Athenaeus
995 2282 1069 2331 ait
1094 2282 1183 2332 lib.
1207 2295 1270 2333 n.
1306 2297 1358 2346 p.
1379 2284 1463 2332 51.
1497 2290 1555 2331 et
1579 2281 1819 2331 Laertius
1852 2283 1906 2331 in
1929 2282 2221 2347 Aristippo,
2248 2296 2298 2346 p.
2321 2286 2404 2333 49.
2432 2283 2687 2334 Eresius:

466 2369 549 2412 est
573 2363 707 2412 enim
731 2363 920 2412 Eresos
948 2362 1099 2412 Lesbi
1124 2361 1306 2412 iusuloe
1329 2361 1580 2426 oppidum
1601 2377 1615 2411 ε
1641 2361 1933 2412 Aristotele
1956 2361 2205 2427 magistro
2231 2361 2475 2426 profecit.
2510 2361 2691 2426 Hujus

464 2441 657 2492 librum
691 2442 924 2507 quintum
958 2440 1063 2505 περὶ
1088 2444 1264 2505 φυτῶν,
1285 2443 1344 2491 de
1377 2442 1594 2506 Plautia,
1617 2442 1798 2491 laudat
1820 2441 2105 2492 Athenaeus
2135 2443 2223 2493 lib.
2250 2458 2337 2493 ιιι.
2369 2458 2424 2508 p.
2446 2446 2531 2494 84.
2601 2443 2691 2494 De

465 2522 698 2587 tyrannis
719 2522 936 2585 Siciliae,
951 2522 1042 2572 lib.
1066 2535 1144 2572 vr.
1167 2540 1221 2587 p.
1242 2527 1358 2573 232.
1427 2525 1627 2573 Contra
1652 2523 1946 2588 Sophistas,
1967 2523 2060 2574 lib.
2080 2538 2201 2574 xiv.
2227 2528 2412 2589 ρ.638.
2434 2527 2540 2574 &c-

532 2604 820 2653 Ρὴεηιοιιοὲ.
884 2601 1129 2665 Φημονόην
1168 2604 1350 2653 laudat
1386 2604 1437 2652 in
1469 2604 1687 2653 Thalete
1719 2604 1978 2667 Laertius,
2001 2619 2053 2670 p.
2089 2609 2170 2656 10.
2203 2612 2363 2670 atque
2387 2604 2455 2655 ah
2478 2619 2543 2654 ea
2570 2618 2692 2669 pro·

465 2689 663 2739 fectum
684 2681 743 2732 τὸ
766 2686 908 2732 Γνῶθι
927 2683 1145 2741 σεαυτὸν,
1168 2684 1304 2750 quod
1331 2686 1481 2749 vulgo
1506 2685 1713 2735 Thaleti
1740 2686 2033 2744 ascribitur,
2057 2701 2124 2737 ex
2160 2685 2476 2739 Antisthene
2505 2685 2690 2740 refert.

465 2763 603 2814 Haec
635 2764 803 2828 prima
840 2771 985 2814 vates
1009 2766 1241 2816 versibus
1261 2766 1485 2816 heroicis
1507 2766 1644 2816 fudit
1677 2769 1885 2817 oracula
1921 2768 2059 2832 apud
2095 2770 2355 2834 Delphos,
2376 2770 2552 2835 iuquit
2583 2775 2690 2823 Eu-

465 2844 579 2893 seb.
614 2845 664 2893 iu
689 2844 881 2894 Chron.
902 2847 1019 2896 104.
1043 2845 1127 2894 cui
1158 2844 1391 2895 conciuit
1421 2847 1643 2896 Proclus
1667 2848 1721 2897 in
1743 2848 2184 2911 Chrestomathia,
2207 2849 2473 2901 referente
2497 2854 2692 2903 Photio

464 2925 520 2975 in
540 2923 682 2974 Bihl.
705 2924 824 2974 cod.
845 2926 961 2973 239.
986 2940 1039 2989 p.
1056 2928 1172 2975 981.
1205 2924 1264 2974 τὸ
1284 2924 1433 2986 μέλος
1451 2923 1638 2991 πρὸτον
1652 2926 1741 2988 μὲν
1761 2928 1932 2993 ἐφεῦρε
1951 2927 2174 2990 Φημονόη
2190 2929 2223 2990 ἡ
2241 2930 2555 2982 ’Λπόλλωνος
2572 2952 2688 2997 προ-

464 3005 623 3067 φῆτις.
687 3004 892 3055 Primus
935 3005 1069 3054 illius
1108 3019 1283 3056 versus
1316 3006 1622 3056 hexameter
1652 3008 1735 3057 hic
1766 3006 1903 3058 fuit:
1936 3008 2205 3073 Σνμφέρετε
2240 3009 2393 3073 πτερά
2427 3012 2474 3059 τ’
2511 3012 2689 3077 οἰωνοὶ,

465 3083 608 3149 κηρόν
636 3101 695 3134 τε
725 3084 972 3146 μέλισσαι.
1037 3086 1251 3151 Delphis
1294 3087 1487 3137 vixisse
1526 3086 1773 3149 Φημονόην
1803 3097 1987 3141 auctor
2022 3098 2107 3141 est
2145 3098 2408 3155 praeterea
2434 3095 2689 3146 Clemens

467 3164 622 3216 Alex.
645 3168 834 3217 strom.
853 3166 945 3217 lib.
963 3179 1003 3217 ι.
1028 3182 1081 3231 p.
1106 3171 1221 3217 334.
1244 3174 1302 3217 et
1325 3169 1429 3218 alii.
1476 3170 1558 3218 De
1582 3184 1645 3219 ea
1668 3170 1910 3221 Lucanus
1934 3182 1990 3223 v,
2006 3176 2120 3221 186.
2148 3173 2165 3201 ‘
2182 3173 2273 3223 Sic
2295 3175 2457 3239 plena
2482 3177 2690 3225 laborat

465 3243 767 3297 Phemonoe
791 3247 1030 3299 Phoebo?
1089 3249 1151 3298 In
1178 3249 1362 3300 Indice
1384 3249 1633 3300 librorum
1657 3251 1884 3301 nondum
1913 3252 2193 3313 editorum,
2228 3254 2475 3306 confecto
2510 3272 2543 3307 a
2572 3258 2687 3307 Sci-

466 3328 623 3392 pione
645 3328 826 3379 Tettio
852 3330 1220 3394 Neapolitano,
1254 3346 1409 3396 quem
1447 3332 1612 3382 edidit
1637 3333 1702 3384 1³.
1728 3333 1971 3384 Labheus
2009 3334 2061 3384 in
2085 3335 2240 3385 Nova
2267 3336 2408 3387 Bihl.
2433 3337 2688 3390 librorum

466 3408 600 3458 Mss.
625 3424 678 3472 p.
705 3412 816 3459 172.
842 3417 1148 3460 recensetur
1171 3411 1493 3462 Phemonoen
1517 3411 1835 3477 ὀρνεοσόφιον,
1857 3429 1960 3480 quo
1984 3425 2051 3465 ex
2072 3417 2205 3468 libro
2228 3418 2484 3484 decerpta
2507 3420 2689 3472 viden-

470 3502 557 3551 tur
580 3504 644 3539 ea
680 3503 797 3554 quae
823 3503 877 3540 x,
911 3494 961 3538 3.
984 3504 1051 3542 ex
1076 3492 1376 3543 Phemonoe
1402 3494 1693 3545 recitantur
1717 3511 1746 3545 a
1768 3495 1960 3548 Plinio.

533 3567 785 3620 Philemon
819 3571 835 3599 ‘
855 3570 1036 3621 medioe
1075 3574 1345 3623 comoediae
1367 3576 1618 3638 scriptor,
1641 3574 1842 3626 fabulas
1866 3591 1986 3627 cum
2009 3578 2302 3630 Menandro
2324 3581 2375 3631 in
2394 3597 2556 3633 scena
2578 3584 2689 3633 dic·

467 3653 622 3709 tavit,
658 3651 981 3717 certavitque
1019 3667 1134 3702 cum
1172 3669 1253 3711 eo,
1291 3653 1515 3705 fortasse
1553 3657 1738 3721 impar,
1779 3665 1922 3708 certe
1961 3660 2214 3725 aemulus-,'
2236 3662 2405 3727 iuquit
2429 3663 2685 3728 Apuleius

469 3733 659 3783 Florid.
698 3745 783 3782 ιιι.
820 3747 873 3797 p.
906 3736 987 3784 19.
1020 3734 1035 3760 ‘
1057 3748 1282 3799 namque
1305 3749 1420 3785 eum
1446 3736 1574 3786 vicit
1598 3738 2109 3800 saepeuumero,'&c.
2163 3741 2369 3791 Floruit
2391 3743 2688 3794 Alexandri

467 3814 548 3862 M.
573 3813 909 3877 temporibus.
974 3812 1131 3863 Hunc
1154 3814 1339 3866 Suidas
1363 3817 1695 3881 Syracosium
1716 3817 1863 3877 facit,
1892 3834 1942 3881 p.
1966 3823 2109 3871 1052.
2163 3820 2425 3873 Fortassis
2449 3825 2586 3890 quod
2609 3826 2685 3876 ibi

467 3892 688 3943 docendi
722 3892 897 3944 ludum
934 3896 1219 3957 aperuerit.
1283 3898 1476 3948 Strabo
1515 3898 1606 3950 lib.
1639 3912 1758 3949 xlv.
1798 3915 1851 3964 p.
1888 3904 2006 3951 671.
2074 3901 2444 3969 Pompeiopoli
2480 3907 2683 3957 Ciliciae

468 3973 664 4037 oppido
687 3980 865 4024 natum
889 3973 1075 4028 refert.
1109 3977 1191 4025 De
1213 3978 1496 4041 omnigenis
1520 3982 1741 4030 oraculis
1762 3995 1878 4031 eum
1902 3982 2175 4045 scripsisse
2194 3991 2377 4035 narrat
2391 3985 2682 4037 Athenaeus

468 4052 560 4106 lib.
587 4067 660 4102 ιν.
684 4069 735 4117 p.
756 4057 869 4105 114.
939 4054 1150 4106 citatur
1171 4071 1201 4106 a
1224 4058 1486 4110 Diomede
1510 4059 1602 4109 lib.
1627 4073 1720 4110 m.
1741 4076 1794 4124 p.
1815 4065 1930 4111 486.
1955 4062 2174 4127 aliisque
2198 4063 2594 4119 Grammaticis.

534 4132 761 4182 Philinus
785 4135 928 4192 Cous,
952 4137 1039 4199 qui
1062 4136 1340 4201 Empiricae
1375 4139 1693 4189 medicorum
1716 4149 1874 4191 sectae
1902 4141 2173 4205 praefuisse
2197 4144 2410 4207 dicitur,
2433 4147 2487 4196 iu
2507 4149 2681 4198 Medi·

470 4225 552 4273 co,
575 4226 622 4261 c.
644 4218 695 4263 4.
729 4227 780 4276 p.
815 4218 932 4266 363.
958 4221 1096 4265 tomo
1117 4230 1182 4270 ιι.
1213 4232 1427 4283 operum
1449 4220 1670 4271 Galeni:
1707 4223 1895 4273 Φιλῖνος
1930 4226 2076 4276 mos.
2147 4225 2211 4275 In
2235 4225 2493 4277 Plinianis
2526 4229 2677 4278 libris

470 4292 724 4356 Phyllinus
745 4307 1021 4359 perperam
1042 4291 1336 4363 legebatur.
1401 4299 1562 4355 Hunc
1583 4301 1767 4355 laudat
1789 4303 2072 4357 Athenaeus
2090 4304 2183 4359 lib.
2205 4319 2302 4360 xv.
2325 4322 2379 4374 p»
2393 4312 2513 4361 681.
2535 4310 2677 4362 iuter
