<?xml version="1.0" encoding="UTF-8"?>
<!DOCTYPE html PUBLIC "-//W3C//DTD XHTML 1.0 Transitional//EN"
    "http://www.w3.org/TR/xhtml1/DTD/xhtml1-transitional.dtd">
<html xmlns="http://www.w3.org/1999/xhtml" xml:lang="en" lang="en">
 <head>
  <title>
</title>
<meta http-equiv="Content-Type" content="text/html;charset=utf-8" />
  <meta name='ocr-system' content='tesseract 3.04.00' />
  <meta name='ocr-capabilities' content='ocr_page ocr_carea ocr_par ocr_line ocrx_word'/>
</head>
<body>
  <div class='ocr_page' id='page_1' title='image "./cpliniisecundin01valpgoog_0165.png"; bbox 0 0 3000 4917; ppageno 0'>
   <div class='ocr_carea' id='block_1_1' title="bbox 676 375 2081 457">
    <p class='ocr_par' dir='ltr' id='par_1_1' title="bbox 676 375 2081 457">
     <span class='ocr_line' id='line_1_1' title="bbox 676 375 2081 457; baseline -0.005 -27"><span class='ocrx_word' id='word_1_1' title='bbox 676 381 777 431; x_wconf 81' lang='lat' dir='ltr'><strong>AD</strong></span> <span class='ocrx_word' id='word_1_2' title='bbox 823 381 891 428; x_wconf 78' lang='lat'><strong>0.</strong></span> <span class='ocrx_word' id='word_1_3' title='bbox 937 378 1175 457; x_wconf 72' lang='lat' dir='ltr'><strong>Pmmt</strong></span> <span class='ocrx_word' id='word_1_4' title='bbox 1221 377 1550 427; x_wconf 68' lang='lat' dir='ltr'><strong>suevum</strong></span> <span class='ocrx_word' id='word_1_5' title='bbox 1600 377 1749 426; x_wconf 67' lang='lat' dir='ltr'><strong>[AB.</strong></span> <span class='ocrx_word' id='word_1_6' title='bbox 1794 375 2081 425; x_wconf 77' lang='lat' dir='ltr'><strong>XXXIV.</strong></span> 
     </span>
    </p>
   </div>
   <div class='ocr_carea' id='block_1_2' title="bbox 276 521 1357 2628">
    <p class='ocr_par' dir='ltr' id='par_1_2' title="bbox 277 521 1342 725">
     <span class='ocr_line' id='line_1_2' title="bbox 277 521 1341 587; baseline -0.002 -15"><span class='ocrx_word' id='word_1_7' title='bbox 277 522 468 573; x_wconf 84' lang='lat' dir='ltr'><strong>dextro</strong></span> <span class='ocrx_word' id='word_1_8' title='bbox 501 523 675 573; x_wconf 88' lang='lat' dir='ltr'><strong>literis</strong></span> <span class='ocrx_word' id='word_1_9' title='bbox 708 523 950 587; x_wconf 77' lang='lat' dir='ltr'><strong>implexis</strong></span> <span class='ocrx_word' id='word_1_10' title='bbox 974 527 1110 573; x_wconf 72' lang='lat' dir='ltr'><strong>M&#39;t&#39;l&#39;.</strong></span> <span class='ocrx_word' id='word_1_11' title='bbox 1138 521 1341 585; x_wconf 73' lang='lat' dir='ltr'><strong>Myrina</strong></span> 
     </span>
     <span class='ocr_line' id='line_1_3' title="bbox 277 598 1342 662; baseline -0.003 -13"><span class='ocrx_word' id='word_1_12' title='bbox 277 607 374 659; x_wconf 88' lang='lat' dir='ltr'><strong>est,</strong></span> <span class='ocrx_word' id='word_1_13' title='bbox 399 600 451 650; x_wconf 88' lang='lat' dir='ltr'><strong>in</strong></span> <span class='ocrx_word' id='word_1_14' title='bbox 481 600 681 649; x_wconf 90' lang='lat' dir='ltr'><strong>Lemno</strong></span> <span class='ocrx_word' id='word_1_15' title='bbox 703 600 870 649; x_wconf 83' lang='lat' dir='ltr'><strong>insula</strong></span> <span class='ocrx_word' id='word_1_16' title='bbox 901 599 1102 662; x_wconf 79' lang='lat' dir='ltr'><strong>civitas,</strong></span> <span class='ocrx_word' id='word_1_17' title='bbox 1133 598 1201 647; x_wconf 84' lang='lat' dir='ltr'><strong>de</strong></span> <span class='ocrx_word' id='word_1_18' title='bbox 1227 610 1342 661; x_wconf 66' lang='lat' dir='ltr'><strong>·q‘ua</strong></span> 
     </span>
     <span class='ocr_line' id='line_1_4' title="bbox 279 676 697 725; baseline -0.002 0"><span class='ocrx_word' id='word_1_19' title='bbox 279 676 488 725; x_wconf 81' lang='lat' dir='ltr'>Plinius</span> <span class='ocrx_word' id='word_1_20' title='bbox 514 679 697 724; x_wconf 74' lang='lat' dir='ltr'><strong>rv.23.</strong></span> 
     </span>
    </p>

    <p class='ocr_par' dir='ltr' id='par_1_3' title="bbox 276 749 1348 1419">
     <span class='ocr_line' id='line_1_5' title="bbox 343 749 1341 813; baseline -0.002 -15"><span class='ocrx_word' id='word_1_21' title='bbox 343 753 396 799; x_wconf 75' lang='lat'><strong>4.</strong></span> <span class='ocrx_word' id='word_1_22' title='bbox 432 751 615 813; x_wconf 88' lang='lat' dir='ltr'><strong>Caput</strong></span> <span class='ocrx_word' id='word_1_23' title='bbox 639 749 920 799; x_wconf 76' lang='lat' dir='ltr'><strong>Alexandri</strong></span> <span class='ocrx_word' id='word_1_24' title='bbox 940 751 1020 799; x_wconf 91' lang='lat' dir='ltr'><strong>M.</strong></span> <span class='ocrx_word' id='word_1_25' title='bbox 1036 755 1230 799; x_wconf 82' lang='lat' dir='ltr'><strong>tectum</strong></span> <span class='ocrx_word' id='word_1_26' title='bbox 1252 762 1341 810; x_wconf 86' lang='lat' dir='ltr'><strong>ga·</strong></span> 
     </span>
     <span class='ocr_line' id='line_1_6' title="bbox 276 825 1341 890; baseline 0 -16"><span class='ocrx_word' id='word_1_27' title='bbox 276 826 380 874; x_wconf 77' lang='lat' dir='ltr'><strong>lea.</strong></span> <span class='ocrx_word' id='word_1_28' title='bbox 444 825 530 890; x_wconf 79' lang='grc'><strong>.)(.</strong></span> <span class='ocrx_word' id='word_1_29' title='bbox 575 830 980 874; x_wconf 70' lang='grc' dir='ltr'><strong>ΑΛΕΧΑΝΔΡΟῪ</strong></span> <span class='ocrx_word' id='word_1_30' title='bbox 1028 827 1341 876; x_wconf 65' lang='lat' dir='ltr'><strong>mmm.</strong></span> 
     </span>
     <span class='ocr_line' id='line_1_7' title="bbox 279 900 1343 963; baseline -0.001 -15"><span class='ocrx_word' id='word_1_31' title='bbox 279 900 519 950; x_wconf 81' lang='lat' dir='ltr'><strong>Victoria</strong></span> <span class='ocrx_word' id='word_1_32' title='bbox 552 907 696 950; x_wconf 88' lang='lat' dir='ltr'><strong>stans</strong></span> <span class='ocrx_word' id='word_1_33' title='bbox 729 902 951 963; x_wconf 84' lang='lat' dir='ltr'><strong>palmam</strong></span> <span class='ocrx_word' id='word_1_34' title='bbox 990 901 1197 948; x_wconf 86' lang='lat' dir='ltr'><strong>sinistra</strong></span> <span class='ocrx_word' id='word_1_35' title='bbox 1228 913 1343 962; x_wconf 87' lang='lat' dir='ltr'><strong>ges·</strong></span> 
     </span>
     <span class='ocr_line' id='line_1_8' title="bbox 280 976 1343 1038; baseline -0.002 -12"><span class='ocrx_word' id='word_1_36' title='bbox 280 984 381 1038; x_wconf 85' lang='lat' dir='ltr'><strong>tat,</strong></span> <span class='ocrx_word' id='word_1_37' title='bbox 402 977 594 1026; x_wconf 86' lang='lat' dir='ltr'><strong>dextra</strong></span> <span class='ocrx_word' id='word_1_38' title='bbox 610 991 849 1027; x_wconf 87' lang='lat' dir='ltr'><strong>coronam</strong></span> <span class='ocrx_word' id='word_1_39' title='bbox 874 982 1122 1025; x_wconf 88' lang='lat' dir='ltr'><strong>ostentat.</strong></span> <span class='ocrx_word' id='word_1_40' title='bbox 1157 976 1343 1024; x_wconf 79' lang='lat' dir='ltr'><strong>Latere</strong></span> 
     </span>
     <span class='ocr_line' id='line_1_9' title="bbox 285 1050 1345 1114; baseline -0.004 -12"><span class='ocrx_word' id='word_1_41' title='bbox 285 1053 497 1114; x_wconf 87' lang='lat' dir='ltr'><strong>dextro,</strong></span> <span class='ocrx_word' id='word_1_42' title='bbox 533 1058 596 1103; x_wconf 82' lang='grc' dir='ltr'><strong>Η.</strong></span> <span class='ocrx_word' id='word_1_43' title='bbox 635 1066 823 1101; x_wconf 88' lang='lat' dir='ltr'><strong>annum</strong></span> <span class='ocrx_word' id='word_1_44' title='bbox 850 1058 1063 1101; x_wconf 73' lang='lat' dir='ltr'><strong>octavum</strong></span> <span class='ocrx_word' id='word_1_45' title='bbox 1086 1050 1345 1113; x_wconf 84' lang='lat' dir='ltr'><strong>designat.</strong></span> 
     </span>
     <span class='ocr_line' id='line_1_10' title="bbox 285 1126 1344 1191; baseline -0.003 -14"><span class='ocrx_word' id='word_1_46' title='bbox 285 1126 368 1176; x_wconf 81' lang='lat' dir='ltr'><strong>Ad</strong></span> <span class='ocrx_word' id='word_1_47' title='bbox 395 1128 562 1191; x_wconf 87' lang='lat' dir='ltr'><strong>pedes</strong></span> <span class='ocrx_word' id='word_1_48' title='bbox 586 1128 837 1176; x_wconf 79' lang='lat' dir='ltr'><strong>Victoriae</strong></span> <span class='ocrx_word' id='word_1_49' title='bbox 863 1128 915 1175; x_wconf 91' lang='lat' dir='ltr'><strong>in</strong></span> <span class='ocrx_word' id='word_1_50' title='bbox 950 1140 1140 1176; x_wconf 89' lang='lat' dir='ltr'><strong>corona</strong></span> <span class='ocrx_word' id='word_1_51' title='bbox 1177 1126 1344 1175; x_wconf 82' lang='lat' dir='ltr'><strong>literis</strong></span> 
     </span>
     <span class='ocr_line' id='line_1_11' title="bbox 280 1203 1346 1269; baseline -0.003 -16"><span class='ocrx_word' id='word_1_52' title='bbox 280 1204 524 1268; x_wconf 76' lang='lat' dir='ltr'>implexis</span> <span class='ocrx_word' id='word_1_53' title='bbox 546 1210 685 1253; x_wconf 75' lang='lat' dir='ltr'><strong>M‘rP.</strong></span> <span class='ocrx_word' id='word_1_54' title='bbox 727 1204 930 1269; x_wconf 76' lang='lat' dir='ltr'><strong>Myrina</strong></span> <span class='ocrx_word' id='word_1_55' title='bbox 966 1210 1067 1264; x_wconf 89' lang='lat' dir='ltr'><strong>est,</strong></span> <span class='ocrx_word' id='word_1_56' title='bbox 1096 1210 1155 1252; x_wconf 91' lang='lat' dir='ltr'><strong>ut</strong></span> <span class='ocrx_word' id='word_1_57' title='bbox 1177 1203 1346 1265; x_wconf 86' lang='lat' dir='ltr'><strong>proxi·</strong></span> 
     </span>
     <span class='ocr_line' id='line_1_12' title="bbox 280 1278 1348 1343; baseline -0.003 -14"><span class='ocrx_word' id='word_1_58' title='bbox 280 1294 385 1329; x_wconf 90' lang='lat' dir='ltr'><strong>me.</strong></span> <span class='ocrx_word' id='word_1_59' title='bbox 458 1281 664 1329; x_wconf 80' lang='lat' dir='ltr'>Aureus</span> <span class='ocrx_word' id='word_1_60' title='bbox 686 1281 769 1329; x_wconf 83' lang='lat' dir='ltr'><strong>hic</strong></span> <span class='ocrx_word' id='word_1_61' title='bbox 788 1293 1021 1329; x_wconf 89' lang='lat' dir='ltr'><strong>nummus</strong></span> <span class='ocrx_word' id='word_1_62' title='bbox 1037 1278 1348 1343; x_wconf 78' lang='lat' dir='ltr'><strong>perpulcher</strong></span> 
     </span>
     <span class='ocr_line' id='line_1_13' title="bbox 283 1356 971 1419; baseline -0.001 -16"><span class='ocrx_word' id='word_1_63' title='bbox 283 1363 368 1406; x_wconf 89' lang='lat' dir='ltr'><strong>est</strong></span> <span class='ocrx_word' id='word_1_64' title='bbox 389 1356 530 1419; x_wconf 79' lang='lat' dir='ltr'><strong>apud</strong></span> <span class='ocrx_word' id='word_1_65' title='bbox 555 1358 627 1406; x_wconf 88' lang='lat' dir='ltr'><strong>D.</strong></span> <span class='ocrx_word' id='word_1_66' title='bbox 650 1356 717 1404; x_wconf 86' lang='lat' dir='ltr'><strong>de</strong></span> <span class='ocrx_word' id='word_1_67' title='bbox 740 1356 971 1405; x_wconf 83' lang='lat' dir='ltr'><strong>Clesves.</strong></span> 
     </span>
    </p>

    <p class='ocr_par' dir='ltr' id='par_1_4' title="bbox 282 1428 1351 2235">
     <span class='ocr_line' id='line_1_14' title="bbox 348 1428 1345 1497; baseline -0.001 -19"><span class='ocrx_word' id='word_1_68' title='bbox 348 1436 398 1478; x_wconf 83' lang='lat'><strong>5.</strong></span> <span class='ocrx_word' id='word_1_69' title='bbox 432 1430 610 1497; x_wconf 78' lang='lat' dir='ltr'><strong>Caput</strong></span> <span class='ocrx_word' id='word_1_70' title='bbox 667 1429 949 1479; x_wconf 76' lang='lat' dir='ltr'><strong>Alexandri</strong></span> <span class='ocrx_word' id='word_1_71' title='bbox 1007 1429 1085 1479; x_wconf 88' lang='lat' dir='ltr'><strong>M.</strong></span> <span class='ocrx_word' id='word_1_72' title='bbox 1139 1428 1345 1479; x_wconf 86' lang='lat' dir='ltr'><strong>leonina</strong></span> 
     </span>
     <span class='ocr_line' id='line_1_15' title="bbox 282 1506 1348 1568; baseline -0.002 -14"><span class='ocrx_word' id='word_1_73' title='bbox 282 1507 422 1568; x_wconf 89' lang='lat' dir='ltr'><strong>pelle</strong></span> <span class='ocrx_word' id='word_1_74' title='bbox 444 1513 664 1567; x_wconf 84' lang='lat' dir='ltr'><strong>tectum,</strong></span> <span class='ocrx_word' id='word_1_75' title='bbox 677 1521 803 1555; x_wconf 82' lang='lat' dir='ltr'><strong>naso</strong></span> <span class='ocrx_word' id='word_1_76' title='bbox 819 1506 1022 1554; x_wconf 89' lang='lat' dir='ltr'><strong>adunco</strong></span> <span class='ocrx_word' id='word_1_77' title='bbox 1045 1513 1099 1554; x_wconf 92' lang='lat' dir='ltr'><strong>et</strong></span> <span class='ocrx_word' id='word_1_78' title='bbox 1115 1506 1348 1555; x_wconf 87' lang='lat' dir='ltr'><strong>incurvo.</strong></span> 
     </span>
     <span class='ocr_line' id='line_1_16' title="bbox 285 1581 1349 1646; baseline -0.002 -16"><span class='ocrx_word' id='word_1_79' title='bbox 285 1581 373 1646; x_wconf 89' lang='lat'><strong>.)(.</strong></span> <span class='ocrx_word' id='word_1_80' title='bbox 406 1582 622 1646; x_wconf 82' lang='lat' dir='ltr'><strong>Jupiter</strong></span> <span class='ocrx_word' id='word_1_81' title='bbox 655 1582 857 1637; x_wconf 87' lang='lat' dir='ltr'><strong>sedens,</strong></span> <span class='ocrx_word' id='word_1_82' title='bbox 892 1581 1075 1630; x_wconf 87' lang='lat' dir='ltr'><strong>dextra</strong></span> <span class='ocrx_word' id='word_1_83' title='bbox 1108 1581 1349 1645; x_wconf 86' lang='lat' dir='ltr'><strong>aquilam,</strong></span> 
     </span>
     <span class='ocr_line' id='line_1_17' title="bbox 283 1656 1349 1719; baseline -0.002 -14"><span class='ocrx_word' id='word_1_84' title='bbox 283 1658 499 1706; x_wconf 87' lang='lat' dir='ltr'><strong>sinistra</strong></span> <span class='ocrx_word' id='word_1_85' title='bbox 538 1657 737 1707; x_wconf 86' lang='lat' dir='ltr'><strong>hastam</strong></span> <span class='ocrx_word' id='word_1_86' title='bbox 769 1658 922 1719; x_wconf 87' lang='lat' dir='ltr'><strong>gerit.</strong></span> <span class='ocrx_word' id='word_1_87' title='bbox 989 1656 1178 1705; x_wconf 83' lang='lat' dir='ltr'><strong>Latere</strong></span> <span class='ocrx_word' id='word_1_88' title='bbox 1202 1656 1349 1704; x_wconf 85' lang='lat' dir='ltr'><strong>sinis-</strong></span> 
     </span>
     <span class='ocr_line' id='line_1_18' title="bbox 286 1731 1350 1795; baseline 0 -14"><span class='ocrx_word' id='word_1_89' title='bbox 286 1739 371 1781; x_wconf 89' lang='lat' dir='ltr'><strong>tro</strong></span> <span class='ocrx_word' id='word_1_90' title='bbox 392 1732 592 1781; x_wconf 88' lang='lat' dir='ltr'><strong>nummi</strong></span> <span class='ocrx_word' id='word_1_91' title='bbox 614 1731 917 1795; x_wconf 78' lang='lat' dir='ltr'><strong>epigraphe,</strong></span> <span class='ocrx_word' id='word_1_92' title='bbox 931 1736 1350 1781; x_wconf 67' lang='grc' dir='ltr'><strong>ΑΛΕΧΑΝΔΡΟΥ.</strong></span> 
     </span>
     <span class='ocr_line' id='line_1_19' title="bbox 286 1807 1349 1863; baseline -0.001 -7"><span class='ocrx_word' id='word_1_93' title='bbox 286 1808 352 1857; x_wconf 90' lang='lat' dir='ltr'><strong>In</strong></span> <span class='ocrx_word' id='word_1_94' title='bbox 396 1808 502 1863; x_wconf 84' lang='lat' dir='ltr'><strong>imo</strong></span> <span class='ocrx_word' id='word_1_95' title='bbox 540 1808 808 1857; x_wconf 78' lang='lat' dir='ltr'><strong>cathedrae</strong></span> <span class='ocrx_word' id='word_1_96' title='bbox 846 1808 1261 1861; x_wconf 88' lang='lat' dir='ltr'><strong>intercolumnio,</strong></span> <span class='ocrx_word' id='word_1_97' title='bbox 1295 1807 1349 1856; x_wconf 88' lang='lat' dir='ltr'><strong>iu</strong></span> 
     </span>
     <span class='ocr_line' id='line_1_20' title="bbox 285 1884 1350 1949; baseline -0.001 -17"><span class='ocrx_word' id='word_1_98' title='bbox 285 1899 390 1949; x_wconf 87' lang='lat' dir='ltr'><strong>qna</strong></span> <span class='ocrx_word' id='word_1_99' title='bbox 422 1884 639 1947; x_wconf 81' lang='lat' dir='ltr'><strong>Jupiter</strong></span> <span class='ocrx_word' id='word_1_100' title='bbox 675 1884 844 1948; x_wconf 88' lang='lat' dir='ltr'><strong>sedet,</strong></span> <span class='ocrx_word' id='word_1_101' title='bbox 877 1885 1029 1932; x_wconf 84' lang='lat' dir='ltr'><strong>litera</strong></span> <span class='ocrx_word' id='word_1_102' title='bbox 1063 1890 1122 1932; x_wconf 85' lang='grc' dir='ltr'><strong>Θ.</strong></span> <span class='ocrx_word' id='word_1_103' title='bbox 1161 1898 1350 1932; x_wconf 85' lang='lat' dir='ltr'><strong>annum</strong></span> 
     </span>
     <span class='ocr_line' id='line_1_21' title="bbox 285 1958 1349 2023; baseline 0 -15"><span class='ocrx_word' id='word_1_104' title='bbox 285 1974 464 2008; x_wconf 67' lang='lat' dir='ltr'><strong>nonum</strong></span> <span class='ocrx_word' id='word_1_105' title='bbox 506 1958 799 2009; x_wconf 77' lang='lat' dir='ltr'><strong>Alexandri</strong></span> <span class='ocrx_word' id='word_1_106' title='bbox 838 1959 1090 2023; x_wconf 87' lang='lat' dir='ltr'><strong>designat.</strong></span> <span class='ocrx_word' id='word_1_107' title='bbox 1157 1959 1225 2007; x_wconf 90' lang='lat' dir='ltr'><strong>Et</strong></span> <span class='ocrx_word' id='word_1_108' title='bbox 1265 1960 1349 2008; x_wconf 83' lang='lat' dir='ltr'><strong>bic</strong></span> 
     </span>
     <span class='ocr_line' id='line_1_22' title="bbox 288 2035 1350 2096; baseline -0.001 -14"><span class='ocrx_word' id='word_1_109' title='bbox 288 2047 526 2083; x_wconf 81' lang='lat' dir='ltr'><strong>nummus</strong></span> <span class='ocrx_word' id='word_1_110' title='bbox 563 2035 963 2084; x_wconf 79' lang='lat' dir='ltr'><strong>tetradrachmae</strong></span> <span class='ocrx_word' id='word_1_111' title='bbox 1007 2035 1234 2096; x_wconf 86' lang='lat' dir='ltr'><strong>pendere</strong></span> <span class='ocrx_word' id='word_1_112' title='bbox 1271 2048 1350 2082; x_wconf 86' lang='lat' dir='ltr'><strong>ar·</strong></span> 
     </span>
     <span class='ocr_line' id='line_1_23' title="bbox 289 2110 1351 2172; baseline 0 -14"><span class='ocrx_word' id='word_1_113' title='bbox 289 2118 532 2172; x_wconf 85' lang='lat' dir='ltr'><strong>gentens,</strong></span> <span class='ocrx_word' id='word_1_114' title='bbox 579 2111 631 2161; x_wconf 89' lang='lat' dir='ltr'><strong>in</strong></span> <span class='ocrx_word' id='word_1_115' title='bbox 671 2111 888 2160; x_wconf 89' lang='lat' dir='ltr'><strong>Cimelio</strong></span> <span class='ocrx_word' id='word_1_116' title='bbox 936 2118 1114 2160; x_wconf 88' lang='lat' dir='ltr'><strong>nostro</strong></span> <span class='ocrx_word' id='word_1_117' title='bbox 1158 2110 1351 2160; x_wconf 89' lang='lat' dir='ltr'><strong>Parisi-</strong></span> 
     </span>
     <span class='ocr_line' id='line_1_24' title="bbox 292 2200 886 2235; baseline 0.012 -1"><span class='ocrx_word' id='word_1_118' title='bbox 292 2200 425 2235; x_wconf 75' lang='lat' dir='ltr'><strong>ensr.</strong></span> <span class='ocrx_word' id='word_1_119' title='bbox 881 2216 886 2223; x_wconf 91' lang='lat'><strong>·</strong></span> 
     </span>
    </p>

    <p class='ocr_par' dir='ltr' id='par_1_5' title="bbox 290 2260 1357 2628">
     <span class='ocr_line' id='line_1_25' title="bbox 354 2260 1355 2325; baseline -0.001 -14"><span class='ocrx_word' id='word_1_120' title='bbox 354 2266 408 2312; x_wconf 77' lang='lat'><strong>6.</strong></span> <span class='ocrx_word' id='word_1_121' title='bbox 444 2262 620 2325; x_wconf 81' lang='lat' dir='ltr'><strong>Caput</strong></span> <span class='ocrx_word' id='word_1_122' title='bbox 633 2260 921 2314; x_wconf 80' lang='lat' dir='ltr'><strong>Alexandri</strong></span> <span class='ocrx_word' id='word_1_123' title='bbox 945 2262 1127 2325; x_wconf 80' lang='lat' dir='ltr'><strong>Magni</strong></span> <span class='ocrx_word' id='word_1_124' title='bbox 1148 2261 1355 2312; x_wconf 89' lang='lat' dir='ltr'><strong>leonina</strong></span> 
     </span>
     <span class='ocr_line' id='line_1_26' title="bbox 290 2320 1355 2402; baseline -0.001 -14"><span class='ocrx_word' id='word_1_125' title='bbox 290 2340 432 2402; x_wconf 87' lang='lat' dir='ltr'><strong>pelle</strong></span> <span class='ocrx_word' id='word_1_126' title='bbox 473 2345 691 2387; x_wconf 87' lang='lat' dir='ltr'><strong>tectum.</strong></span> <span class='ocrx_word' id='word_1_127' title='bbox 705 2320 817 2402; x_wconf 64' lang='grc' dir='ltr'><strong>“..)ζ</strong></span> <span class='ocrx_word' id='word_1_128' title='bbox 852 2337 1083 2402; x_wconf 82' lang='lat' dir='ltr'><strong>Jupiter·</strong></span> <span class='ocrx_word' id='word_1_129' title='bbox 1101 2339 1282 2399; x_wconf 55' lang='lat' dir='ltr'><strong>sedets</strong></span> <span class='ocrx_word' id='word_1_130' title='bbox 1295 2343 1355 2387; x_wconf 91' lang='lat' dir='ltr'><strong>ut</strong></span> 
     </span>
     <span class='ocr_line' id='line_1_27' title="bbox 291 2415 1355 2478; baseline -0.002 -14"><span class='ocrx_word' id='word_1_131' title='bbox 291 2415 546 2478; x_wconf 79' lang='lat' dir='ltr'><strong>proxime.</strong></span> <span class='ocrx_word' id='word_1_132' title='bbox 561 2420 977 2465; x_wconf 70' lang='grc' dir='ltr'><strong>ΑΛΕΧΑΝΔΡΟΥ.</strong></span> <span class='ocrx_word' id='word_1_133' title='bbox 1023 2416 1211 2465; x_wconf 81' lang='lat' dir='ltr'><strong>Latere</strong></span> <span class='ocrx_word' id='word_1_134' title='bbox 1231 2415 1355 2463; x_wconf 85' lang='lat' dir='ltr'><strong>dex·</strong></span> 
     </span>
     <span class='ocr_line' id='line_1_28' title="bbox 296 2491 1357 2553; baseline 0.001 -16"><span class='ocrx_word' id='word_1_135' title='bbox 296 2500 377 2540; x_wconf 83' lang='lat' dir='ltr'><strong>tro</strong></span> <span class='ocrx_word' id='word_1_136' title='bbox 401 2491 622 2545; x_wconf 85' lang='lat' dir='ltr'><strong>nummi,</strong></span> <span class='ocrx_word' id='word_1_137' title='bbox 642 2497 726 2539; x_wconf 84' lang='grc' dir='ltr'><strong>ΔΙ.</strong></span> <span class='ocrx_word' id='word_1_138' title='bbox 749 2492 847 2540; x_wconf 78' lang='lat' dir='ltr'><strong>lioc</strong></span> <span class='ocrx_word' id='word_1_139' title='bbox 877 2497 982 2550; x_wconf 84' lang='lat' dir='ltr'><strong>est,</strong></span> <span class='ocrx_word' id='word_1_140' title='bbox 1014 2506 1147 2540; x_wconf 89' lang='lat' dir='ltr'><strong>anno</strong></span> <span class='ocrx_word' id='word_1_141' title='bbox 1168 2495 1357 2553; x_wconf 71' lang='lat' dir='ltr'><strong>quarto-</strong></span> 
     </span>
     <span class='ocr_line' id='line_1_29' title="bbox 290 2565 1357 2628; baseline -0.003 -12"><span class='ocrx_word' id='word_1_142' title='bbox 290 2567 489 2616; x_wconf 72' lang='lat' dir='ltr'><strong>decimo.</strong></span> <span class='ocrx_word' id='word_1_143' title='bbox 529 2566 625 2615; x_wconf 89' lang='lat' dir='ltr'><strong>Est</strong></span> <span class='ocrx_word' id='word_1_144' title='bbox 648 2566 729 2615; x_wconf 81' lang='lat' dir='ltr'><strong>bic</strong></span> <span class='ocrx_word' id='word_1_145' title='bbox 747 2573 1026 2628; x_wconf 86' lang='lat' dir='ltr'><strong>argenteus</strong></span> <span class='ocrx_word' id='word_1_146' title='bbox 1042 2565 1225 2614; x_wconf 68' lang='lat' dir='ltr'><strong>forman</strong></span> <span class='ocrx_word' id='word_1_147' title='bbox 1250 2579 1357 2613; x_wconf 89' lang='lat' dir='ltr'><strong>me-</strong></span> 
     </span>
    </p>
   </div>
   <div class='ocr_carea' id='block_1_3' title="bbox 190 2641 1354 2698">
    <p class='ocr_par' dir='ltr' id='par_1_6' title="bbox 190 2641 1354 2698">
     <span class='ocr_line' id='line_1_30' title="bbox 190 2641 1354 2698; baseline -0.003 -5"><span class='ocrx_word' id='word_1_148' title='bbox 190 2680 198 2685; x_wconf 82' lang='grc'><strong>.</strong></span> <span class='ocrx_word' id='word_1_149' title='bbox 294 2644 507 2698; x_wconf 84' lang='lat' dir='ltr'><strong>diocris,</strong></span> <span class='ocrx_word' id='word_1_150' title='bbox 548 2642 598 2690; x_wconf 87' lang='lat' dir='ltr'><strong>in</strong></span> <span class='ocrx_word' id='word_1_151' title='bbox 637 2642 857 2691; x_wconf 88' lang='lat' dir='ltr'><strong>Cimelio</strong></span> <span class='ocrx_word' id='word_1_152' title='bbox 888 2642 1067 2691; x_wconf 87' lang='lat' dir='ltr'><strong>domus</strong></span> <span class='ocrx_word' id='word_1_153' title='bbox 1087 2641 1354 2691; x_wconf 73' lang='lat' dir='ltr'><strong>Professae</strong></span> 
     </span>
    </p>
   </div>
   <div class='ocr_carea' id='block_1_4' title="bbox 295 2717 1359 2857">
    <p class='ocr_par' dir='ltr' id='par_1_7' title="bbox 295 2717 1359 2857">
     <span class='ocr_line' id='line_1_31' title="bbox 295 2717 1040 2767; baseline -0.001 0"><span class='ocrx_word' id='word_1_154' title='bbox 295 2725 486 2767; x_wconf 79' lang='lat' dir='ltr'><strong>nostrae</strong></span> <span class='ocrx_word' id='word_1_155' title='bbox 512 2718 566 2766; x_wconf 92' lang='lat' dir='ltr'><strong>in</strong></span> <span class='ocrx_word' id='word_1_156' title='bbox 589 2717 686 2766; x_wconf 86' lang='lat' dir='ltr'><strong>hac</strong></span> <span class='ocrx_word' id='word_1_157' title='bbox 701 2718 935 2766; x_wconf 79' lang='lat' dir='ltr'><strong>civitate.</strong></span> <span class='ocrx_word' id='word_1_158' title='bbox 1037 2742 1040 2749; x_wconf 87' lang='lat'><strong>·</strong></span> 
     </span>
     <span class='ocr_line' id='line_1_32' title="bbox 303 2793 1359 2857; baseline 0.005 -20"><span class='ocrx_word' id='word_1_159' title='bbox 303 2832 312 2837; x_wconf 88' lang='lat'><strong>.</strong></span> <span class='ocrx_word' id='word_1_160' title='bbox 358 2798 407 2842; x_wconf 80' lang='grc'><strong>7.</strong></span> <span class='ocrx_word' id='word_1_161' title='bbox 443 2794 619 2857; x_wconf 86' lang='lat' dir='ltr'><strong>Caput</strong></span> <span class='ocrx_word' id='word_1_162' title='bbox 642 2793 932 2841; x_wconf 80' lang='lat' dir='ltr'><strong>Alexandri</strong></span> <span class='ocrx_word' id='word_1_163' title='bbox 954 2793 1359 2857; x_wconf 84' lang='lat' dir='ltr'><strong>Magnileonina</strong></span> 
     </span>
    </p>
   </div>
   <div class='ocr_carea' id='block_1_5' title="bbox 222 2869 1356 2933">
    <p class='ocr_par' dir='ltr' id='par_1_8' title="bbox 222 2869 1356 2933">
     <span class='ocr_line' id='line_1_33' title="bbox 222 2869 1356 2933; baseline 0 -15"><span class='ocrx_word' id='word_1_164' title='bbox 222 2885 225 2888; x_wconf 49' lang='lat'><strong>⁴</strong></span> <span class='ocrx_word' id='word_1_165' title='bbox 297 2871 436 2933; x_wconf 86' lang='lat' dir='ltr'><strong>pelle</strong></span> <span class='ocrx_word' id='word_1_166' title='bbox 459 2876 660 2918; x_wconf 89' lang='lat' dir='ltr'><strong>tectum</strong></span> <span class='ocrx_word' id='word_1_167' title='bbox 683 2887 699 2929; x_wconf 80' lang='lat'><em>3</em></span> <span class='ocrx_word' id='word_1_168' title='bbox 725 2869 977 2932; x_wconf 86' lang='lat' dir='ltr'><strong>appositis</strong></span> <span class='ocrx_word' id='word_1_169' title='bbox 996 2871 1058 2918; x_wconf 82' lang='lat' dir='ltr'><strong>ad</strong></span> <span class='ocrx_word' id='word_1_170' title='bbox 1083 2869 1220 2918; x_wconf 86' lang='lat' dir='ltr'><strong>latus</strong></span> <span class='ocrx_word' id='word_1_171' title='bbox 1244 2870 1356 2918; x_wconf 82' lang='lat' dir='ltr'><strong>lite·</strong></span> 
     </span>
    </p>
   </div>
   <div class='ocr_carea' id='block_1_6' title="bbox 297 2944 1367 4297">
    <p class='ocr_par' dir='ltr' id='par_1_9' title="bbox 297 2944 1361 3299">
     <span class='ocr_line' id='line_1_34' title="bbox 298 2944 1357 3005; baseline 0 -11"><span class='ocrx_word' id='word_1_172' title='bbox 298 2946 367 2994; x_wconf 90' lang='lat' dir='ltr'><strong>ris</strong></span> <span class='ocrx_word' id='word_1_173' title='bbox 402 2951 487 2994; x_wconf 66' lang='lat'><strong>111.</strong></span> <span class='ocrx_word' id='word_1_174' title='bbox 523 2944 621 2994; x_wconf 84' lang='lat' dir='ltr'><strong>hoc</strong></span> <span class='ocrx_word' id='word_1_175' title='bbox 660 2951 756 3005; x_wconf 89' lang='lat' dir='ltr'><strong>est,</strong></span> <span class='ocrx_word' id='word_1_176' title='bbox 793 2959 927 2993; x_wconf 88' lang='lat' dir='ltr'><strong>anno</strong></span> <span class='ocrx_word' id='word_1_177' title='bbox 967 2944 1145 2993; x_wconf 80' lang='lat' dir='ltr'><strong>decimo</strong></span> <span class='ocrx_word' id='word_1_178' title='bbox 1178 2950 1357 2994; x_wconf 77' lang='lat' dir='ltr'><strong>octavo.</strong></span> 
     </span>
     <span class='ocr_line' id='line_1_35' title="bbox 297 3019 1358 3085; baseline -0.005 -14"><span class='ocrx_word' id='word_1_179' title='bbox 297 3019 378 3085; x_wconf 93' lang='lat'><strong>.)(.</strong></span> <span class='ocrx_word' id='word_1_180' title='bbox 415 3022 580 3070; x_wconf 82' lang='lat' dir='ltr'><strong>Clava</strong></span> <span class='ocrx_word' id='word_1_181' title='bbox 612 3035 729 3068; x_wconf 90' lang='lat' dir='ltr'><strong>cum</strong></span> <span class='ocrx_word' id='word_1_182' title='bbox 763 3020 1031 3082; x_wconf 77' lang='lat' dir='ltr'><strong>pharetra.</strong></span> <span class='ocrx_word' id='word_1_183' title='bbox 1062 3026 1117 3067; x_wconf 91' lang='lat' dir='ltr'><strong>et</strong></span> <span class='ocrx_word' id='word_1_184' title='bbox 1151 3019 1358 3067; x_wconf 89' lang='lat' dir='ltr'><strong>nomine</strong></span> 
     </span>
     <span class='ocr_line' id='line_1_36' title="bbox 298 3095 1359 3145; baseline 0 -1"><span class='ocrx_word' id='word_1_185' title='bbox 298 3101 720 3145; x_wconf 70' lang='grc' dir='ltr'><strong>ΑΔΕΧΑΝΔΡΟΥ.</strong></span> <span class='ocrx_word' id='word_1_186' title='bbox 790 3096 887 3144; x_wconf 88' lang='lat' dir='ltr'><strong>Est</strong></span> <span class='ocrx_word' id='word_1_187' title='bbox 923 3109 987 3142; x_wconf 88' lang='lat' dir='ltr'><strong>ex</strong></span> <span class='ocrx_word' id='word_1_188' title='bbox 1023 3095 1230 3143; x_wconf 84' lang='lat' dir='ltr'><strong>minimo</strong></span> <span class='ocrx_word' id='word_1_189' title='bbox 1253 3108 1359 3144; x_wconf 79' lang='lat' dir='ltr'><strong>aere</strong></span> 
     </span>
     <span class='ocr_line' id='line_1_37' title="bbox 301 3172 1361 3238; baseline -0.003 -15"><span class='ocrx_word' id='word_1_190' title='bbox 301 3176 607 3238; x_wconf 79' lang='lat' dir='ltr'><strong>perelegans</strong></span> <span class='ocrx_word' id='word_1_191' title='bbox 632 3187 717 3236; x_wconf 87' lang='lat' dir='ltr'><strong>ap.</strong></span> <span class='ocrx_word' id='word_1_192' title='bbox 751 3173 830 3222; x_wconf 88' lang='lat' dir='ltr'><strong>Cl.</strong></span> <span class='ocrx_word' id='word_1_193' title='bbox 859 3172 1038 3221; x_wconf 86' lang='lat' dir='ltr'><strong>Virum</strong></span> <span class='ocrx_word' id='word_1_194' title='bbox 1063 3174 1134 3221; x_wconf 87' lang='lat' dir='ltr'><strong>D.</strong></span> <span class='ocrx_word' id='word_1_195' title='bbox 1157 3172 1361 3227; x_wconf 83' lang='lat' dir='ltr'><strong>Baude·</strong></span> 
     </span>
     <span class='ocr_line' id='line_1_38' title="bbox 300 3252 392 3299; baseline 0 0"><span class='ocrx_word' id='word_1_196' title='bbox 300 3252 392 3299; x_wconf 76' lang='lat' dir='ltr'><strong>lot.</strong></span> 
     </span>
    </p>

    <p class='ocr_par' dir='ltr' id='par_1_10' title="bbox 301 3324 1367 4297">
     <span class='ocr_line' id='line_1_39' title="bbox 363 3324 1360 3390; baseline -0.005 -12"><span class='ocrx_word' id='word_1_197' title='bbox 363 3333 408 3378; x_wconf 83' lang='lat'><strong>8.</strong></span> <span class='ocrx_word' id='word_1_198' title='bbox 443 3327 622 3390; x_wconf 88' lang='lat' dir='ltr'><strong>Caput</strong></span> <span class='ocrx_word' id='word_1_199' title='bbox 667 3324 949 3374; x_wconf 86' lang='lat' dir='ltr'><strong>Alexandri</strong></span> <span class='ocrx_word' id='word_1_200' title='bbox 985 3324 1165 3387; x_wconf 80' lang='lat' dir='ltr'><strong>Magni</strong></span> <span class='ocrx_word' id='word_1_201' title='bbox 1190 3325 1360 3387; x_wconf 81' lang='lat' dir='ltr'><strong>galea·</strong></span> 
     </span>
     <span class='ocr_line' id='line_1_40' title="bbox 303 3399 1364 3466; baseline -0.004 -14"><span class='ocrx_word' id='word_1_202' title='bbox 303 3407 426 3464; x_wconf 75' lang='lat' dir='ltr'><strong>tum,</strong></span> <span class='ocrx_word' id='word_1_203' title='bbox 446 3403 649 3466; x_wconf 77' lang='lat' dir='ltr'><strong>absque</strong></span> <span class='ocrx_word' id='word_1_204' title='bbox 672 3401 972 3465; x_wconf 83' lang='lat' dir='ltr'><strong>epigraphe.</strong></span> <span class='ocrx_word' id='word_1_205' title='bbox 1002 3399 1093 3465; x_wconf 87' lang='lat'><strong>.)(.</strong></span> <span class='ocrx_word' id='word_1_206' title='bbox 1128 3400 1364 3450; x_wconf 80' lang='lat' dir='ltr'><strong>Victoria</strong></span> 
     </span>
     <span class='ocr_line' id='line_1_41' title="bbox 302 3475 1360 3527; baseline -0.003 -1"><span class='ocrx_word' id='word_1_207' title='bbox 302 3477 695 3527; x_wconf 69' lang='lat' dir='ltr'><strong>dextroversum</strong></span> <span class='ocrx_word' id='word_1_208' title='bbox 722 3475 966 3525; x_wconf 84' lang='lat' dir='ltr'><strong>incedens</strong></span> <span class='ocrx_word' id='word_1_209' title='bbox 999 3489 1241 3524; x_wconf 87' lang='lat' dir='ltr'><strong>coronam</strong></span> <span class='ocrx_word' id='word_1_210' title='bbox 1280 3488 1360 3523; x_wconf 84' lang='lat' dir='ltr'><strong>os·</strong></span> 
     </span>
     <span class='ocr_line' id='line_1_42' title="bbox 301 3552 1363 3609; baseline -0.005 -5"><span class='ocrx_word' id='word_1_211' title='bbox 301 3560 487 3609; x_wconf 84' lang='lat' dir='ltr'><strong>tentat,</strong></span> <span class='ocrx_word' id='word_1_212' title='bbox 534 3561 594 3603; x_wconf 92' lang='lat' dir='ltr'><strong>ut</strong></span> <span class='ocrx_word' id='word_1_213' title='bbox 639 3553 905 3602; x_wconf 79' lang='lat' dir='ltr'><strong>victoriam</strong></span> <span class='ocrx_word' id='word_1_214' title='bbox 941 3552 1144 3601; x_wconf 86' lang='lat' dir='ltr'><strong>scilicet</strong></span> <span class='ocrx_word' id='word_1_215' title='bbox 1188 3552 1363 3601; x_wconf 88' lang='lat' dir='ltr'><strong>Persi-</strong></span> 
     </span>
     <span class='ocr_line' id='line_1_43' title="bbox 303 3627 1365 3679; baseline -0.005 0"><span class='ocrx_word' id='word_1_216' title='bbox 303 3645 413 3679; x_wconf 84' lang='lat' dir='ltr'><strong>cam</strong></span> <span class='ocrx_word' id='word_1_217' title='bbox 439 3628 727 3678; x_wconf 86' lang='lat' dir='ltr'><strong>Occidenti</strong></span> <span class='ocrx_word' id='word_1_218' title='bbox 747 3636 800 3676; x_wconf 89' lang='lat' dir='ltr'><strong>et</strong></span> <span class='ocrx_word' id='word_1_219' title='bbox 829 3627 1150 3676; x_wconf 79' lang='lat' dir='ltr'><strong>Macedoniae</strong></span> <span class='ocrx_word' id='word_1_220' title='bbox 1167 3641 1365 3675; x_wconf 86' lang='lat' dir='ltr'><strong>annun-</strong></span> 
     </span>
     <span class='ocr_line' id='line_1_44' title="bbox 308 3702 1363 3768; baseline -0.004 -14"><span class='ocrx_word' id='word_1_221' title='bbox 308 3707 433 3756; x_wconf 84' lang='lat' dir='ltr'><strong>tiet:</strong></span> <span class='ocrx_word' id='word_1_222' title='bbox 482 3719 588 3768; x_wconf 87' lang='lat' dir='ltr'><strong>quo</strong></span> <span class='ocrx_word' id='word_1_223' title='bbox 620 3704 737 3765; x_wconf 89' lang='lat' dir='ltr'><strong>ipso</strong></span> <span class='ocrx_word' id='word_1_224' title='bbox 771 3702 960 3751; x_wconf 83' lang='lat' dir='ltr'><strong>dextro</strong></span> <span class='ocrx_word' id='word_1_225' title='bbox 982 3704 1151 3751; x_wconf 88' lang='lat' dir='ltr'><strong>latere</strong></span> <span class='ocrx_word' id='word_1_226' title='bbox 1172 3703 1363 3750; x_wconf 87' lang='lat' dir='ltr'><strong>malum</strong></span> 
     </span>
     <span class='ocr_line' id='line_1_45' title="bbox 306 3778 1364 3840; baseline -0.004 -11"><span class='ocrx_word' id='word_1_227' title='bbox 306 3781 561 3830; x_wconf 88' lang='lat' dir='ltr'><strong>Punicum</strong></span> <span class='ocrx_word' id='word_1_228' title='bbox 606 3779 717 3828; x_wconf 86' lang='lat' dir='ltr'><strong>sive</strong></span> <span class='ocrx_word' id='word_1_229' title='bbox 751 3785 1040 3840; x_wconf 87' lang='lat' dir='ltr'><strong>granatum,</strong></span> <span class='ocrx_word' id='word_1_230' title='bbox 1072 3783 1128 3826; x_wconf 91' lang='lat' dir='ltr'><strong>et</strong></span> <span class='ocrx_word' id='word_1_231' title='bbox 1160 3778 1257 3827; x_wconf 86' lang='lat' dir='ltr'><strong>sub</strong></span> <span class='ocrx_word' id='word_1_232' title='bbox 1301 3791 1364 3839; x_wconf 86' lang='lat' dir='ltr'><strong>eo</strong></span> 
     </span>
     <span class='ocr_line' id='line_1_46' title="bbox 306 3852 1365 3920; baseline -0.003 -16"><span class='ocrx_word' id='word_1_233' title='bbox 306 3856 458 3906; x_wconf 82' lang='lat' dir='ltr'><strong>litera</strong></span> <span class='ocrx_word' id='word_1_234' title='bbox 479 3862 537 3905; x_wconf 84' lang='grc' dir='ltr'><strong>Α.</strong></span> <span class='ocrx_word' id='word_1_235' title='bbox 562 3870 680 3920; x_wconf 81' lang='lat' dir='ltr'><strong>quae</strong></span> <span class='ocrx_word' id='word_1_236' title='bbox 712 3855 920 3917; x_wconf 71' lang='lat' dir='ltr'><strong>primum</strong></span> <span class='ocrx_word' id='word_1_237' title='bbox 936 3854 1148 3916; x_wconf 87' lang='lat' dir='ltr'><strong>Imperii</strong></span> <span class='ocrx_word' id='word_1_238' title='bbox 1163 3852 1365 3902; x_wconf 78' lang='lat' dir='ltr'><strong>Persici</strong></span> 
     </span>
     <span class='ocr_line' id='line_1_47' title="bbox 308 3929 1367 3992; baseline -0.004 -12"><span class='ocrx_word' id='word_1_239' title='bbox 308 3946 493 3980; x_wconf 84' lang='lat' dir='ltr'><strong>annum</strong></span> <span class='ocrx_word' id='word_1_240' title='bbox 517 3931 743 3979; x_wconf 82' lang='lat' dir='ltr'><strong>indicat:</strong></span> <span class='ocrx_word' id='word_1_241' title='bbox 770 3945 802 3978; x_wconf 90' lang='lat' dir='ltr'><strong>a</strong></span> <span class='ocrx_word' id='word_1_242' title='bbox 824 3936 971 3991; x_wconf 85' lang='lat' dir='ltr'><strong>tergo</strong></span> <span class='ocrx_word' id='word_1_243' title='bbox 987 3929 1221 3977; x_wconf 87' lang='lat' dir='ltr'><strong>Victoria</strong></span> <span class='ocrx_word' id='word_1_244' title='bbox 1238 3943 1367 3992; x_wconf 84' lang='lat' dir='ltr'><strong>qua·</strong></span> 
     </span>
     <span class='ocr_line' id='line_1_48' title="bbox 311 4006 1365 4071; baseline -0.003 -15"><span class='ocrx_word' id='word_1_245' title='bbox 311 4009 352 4056; x_wconf 91' lang='lat' dir='ltr'><strong>si</strong></span> <span class='ocrx_word' id='word_1_246' title='bbox 383 4008 710 4071; x_wconf 84' lang='lat' dir='ltr'><strong>relinquente</strong></span> <span class='ocrx_word' id='word_1_247' title='bbox 739 4006 942 4054; x_wconf 86' lang='lat' dir='ltr'><strong>literam</strong></span> <span class='ocrx_word' id='word_1_248' title='bbox 977 4011 1037 4053; x_wconf 81' lang='lat' dir='ltr'><strong>K.</strong></span> <span class='ocrx_word' id='word_1_249' title='bbox 1072 4020 1188 4069; x_wconf 78' lang='lat' dir='ltr'><strong>quae</strong></span> <span class='ocrx_word' id='word_1_250' title='bbox 1213 4006 1365 4054; x_wconf 91' lang='lat' dir='ltr'><strong>estin</strong></span> 
     </span>
     <span class='ocr_line' id='line_1_49' title="bbox 309 4080 1367 4141; baseline -0.003 -10"><span class='ocrx_word' id='word_1_251' title='bbox 309 4084 511 4132; x_wconf 84' lang='lat' dir='ltr'><strong>sinistro</strong></span> <span class='ocrx_word' id='word_1_252' title='bbox 556 4081 753 4130; x_wconf 86' lang='lat' dir='ltr'><strong>nummi</strong></span> <span class='ocrx_word' id='word_1_253' title='bbox 784 4082 968 4141; x_wconf 87' lang='lat' dir='ltr'><strong>latere,</strong></span> <span class='ocrx_word' id='word_1_254' title='bbox 1001 4088 1055 4128; x_wconf 90' lang='lat' dir='ltr'><strong>et</strong></span> <span class='ocrx_word' id='word_1_255' title='bbox 1097 4080 1367 4129; x_wconf 79' lang='lat' dir='ltr'><strong>vicesimum</strong></span> 
     </span>
     <span class='ocr_line' id='line_1_50' title="bbox 311 4155 1367 4219; baseline -0.001 -13"><span class='ocrx_word' id='word_1_256' title='bbox 311 4158 613 4213; x_wconf 79' lang='lat' dir='ltr'><strong>Alexandri,</strong></span> <span class='ocrx_word' id='word_1_257' title='bbox 634 4157 686 4206; x_wconf 82' lang='lat' dir='ltr'><strong>in</strong></span> <span class='ocrx_word' id='word_1_258' title='bbox 711 4155 1028 4207; x_wconf 84' lang='lat' dir='ltr'><strong>Macedonia</strong></span> <span class='ocrx_word' id='word_1_259' title='bbox 1058 4157 1257 4219; x_wconf 84' lang='lat' dir='ltr'><strong>utique,</strong></span> <span class='ocrx_word' id='word_1_260' title='bbox 1281 4170 1367 4205; x_wconf 88' lang='lat' dir='ltr'><strong>an-</strong></span> 
     </span>
     <span class='ocr_line' id='line_1_51' title="bbox 313 4230 1367 4297; baseline -0.002 -13"><span class='ocrx_word' id='word_1_261' title='bbox 313 4248 429 4284; x_wconf 85' lang='lat' dir='ltr'><strong>num</strong></span> <span class='ocrx_word' id='word_1_262' title='bbox 453 4233 710 4297; x_wconf 86' lang='lat' dir='ltr'><strong>designat.</strong></span> <span class='ocrx_word' id='word_1_263' title='bbox 780 4230 947 4281; x_wconf 81' lang='lat' dir='ltr'><strong>Abest</strong></span> <span class='ocrx_word' id='word_1_264' title='bbox 972 4230 1254 4281; x_wconf 84' lang='lat' dir='ltr'><strong>Alexandri</strong></span> <span class='ocrx_word' id='word_1_265' title='bbox 1278 4246 1367 4282; x_wconf 90' lang='lat' dir='ltr'><strong>no-</strong></span> 
     </span>
    </p>
   </div>
   <div class='ocr_carea' id='block_1_7' title="bbox 2297 359 2475 425">
    <p class='ocr_par' dir='ltr' id='par_1_11' title="bbox 2297 359 2475 425">
     <span class='ocr_line' id='line_1_52' title="bbox 2297 359 2475 425; baseline 0 0"><span class='ocrx_word' id='word_1_266' title='bbox 2297 359 2475 425; x_wconf 77' lang='lat'><strong>4523</strong></span> 
     </span>
    </p>
   </div>
   <div class='ocr_carea' id='block_1_8' title="bbox 1414 515 2489 2170">
    <p class='ocr_par' dir='ltr' id='par_1_12' title="bbox 1414 515 2489 2170">
     <span class='ocr_line' id='line_1_53' title="bbox 1416 515 2476 581; baseline -0.006 -11"><span class='ocrx_word' id='word_1_267' title='bbox 1416 533 1540 570; x_wconf 87' lang='lat' dir='ltr'><strong>men</strong></span> <span class='ocrx_word' id='word_1_268' title='bbox 1558 534 1575 581; x_wconf 69' lang='grc' dir='ltr'><strong>ς</strong></span> <span class='ocrx_word' id='word_1_269' title='bbox 1594 518 1930 569; x_wconf 68' lang='lat' dir='ltr'><strong>existimante</strong></span> <span class='ocrx_word' id='word_1_270' title='bbox 1947 530 2070 567; x_wconf 85' lang='lat' dir='ltr'><strong>sane</strong></span> <span class='ocrx_word' id='word_1_271' title='bbox 2083 515 2347 580; x_wconf 84' lang='lat' dir='ltr'><strong>ingenioso</strong></span> <span class='ocrx_word' id='word_1_272' title='bbox 2363 515 2476 580; x_wconf 88' lang='lat' dir='ltr'><strong>opi-</strong></span> 
     </span>
     <span class='ocr_line' id='line_1_54' title="bbox 1414 594 2476 659; baseline -0.007 -12"><span class='ocrx_word' id='word_1_273' title='bbox 1414 596 1534 659; x_wconf 78' lang='lat' dir='ltr'><strong>fice,</strong></span> <span class='ocrx_word' id='word_1_274' title='bbox 1553 596 1748 646; x_wconf 86' lang='lat' dir='ltr'><strong>frustra</strong></span> <span class='ocrx_word' id='word_1_275' title='bbox 1770 608 1952 645; x_wconf 86' lang='lat' dir='ltr'><strong>nomen</strong></span> <span class='ocrx_word' id='word_1_276' title='bbox 1978 594 2194 658; x_wconf 87' lang='lat' dir='ltr'><strong>apponi,</strong></span> <span class='ocrx_word' id='word_1_277' title='bbox 2221 605 2322 656; x_wconf 87' lang='lat' dir='ltr'><strong>qno</strong></span> <span class='ocrx_word' id='word_1_278' title='bbox 2346 598 2476 641; x_wconf 90' lang='lat' dir='ltr'><strong>tem-</strong></span> 
     </span>
     <span class='ocr_line' id='line_1_55' title="bbox 1418 669 2478 734; baseline -0.006 -13"><span class='ocrx_word' id='word_1_279' title='bbox 1418 686 1547 734; x_wconf 88' lang='lat' dir='ltr'><strong>pore</strong></span> <span class='ocrx_word' id='word_1_280' title='bbox 1565 686 1664 721; x_wconf 87' lang='lat' dir='ltr'><strong>nec</strong></span> <span class='ocrx_word' id='word_1_281' title='bbox 1685 671 1814 721; x_wconf 82' lang='lat' dir='ltr'><strong>alins</strong></span> <span class='ocrx_word' id='word_1_282' title='bbox 1835 672 1885 719; x_wconf 91' lang='lat' dir='ltr'><strong>in</strong></span> <span class='ocrx_word' id='word_1_283' title='bbox 1914 669 2044 719; x_wconf 87' lang='lat' dir='ltr'><strong>orbe</strong></span> <span class='ocrx_word' id='word_1_284' title='bbox 2066 669 2310 733; x_wconf 87' lang='lat' dir='ltr'><strong>princeps</strong></span> <span class='ocrx_word' id='word_1_285' title='bbox 2333 682 2478 716; x_wconf 88' lang='lat' dir='ltr'><strong>num·</strong></span> 
     </span>
     <span class='ocr_line' id='line_1_56' title="bbox 1417 744 2472 812; baseline -0.006 -14"><span class='ocrx_word' id='word_1_286' title='bbox 1417 764 1527 798; x_wconf 86' lang='lat' dir='ltr'><strong>mos</strong></span> <span class='ocrx_word' id='word_1_287' title='bbox 1543 764 1607 798; x_wconf 85' lang='lat' dir='ltr'><strong>ex</strong></span> <span class='ocrx_word' id='word_1_288' title='bbox 1624 754 1840 812; x_wconf 84' lang='lat' dir='ltr'><strong>argento</strong></span> <span class='ocrx_word' id='word_1_289' title='bbox 1853 746 2090 801; x_wconf 82' lang='lat' dir='ltr'><strong>cuderet.</strong></span> <span class='ocrx_word' id='word_1_290' title='bbox 2106 752 2299 809; x_wconf 63' lang='lat' dir='ltr'><strong>preter</strong></span> <span class='ocrx_word' id='word_1_291' title='bbox 2313 744 2472 794; x_wconf 84' lang='lat' dir='ltr'><strong>Alex-</strong></span> 
     </span>
     <span class='ocr_line' id='line_1_57' title="bbox 1418 822 2476 874; baseline -0.005 0"><span class='ocrx_word' id='word_1_292' title='bbox 1418 824 1670 874; x_wconf 80' lang='lat' dir='ltr'><strong>andrum:</strong></span> <span class='ocrx_word' id='word_1_293' title='bbox 1706 831 1761 874; x_wconf 85' lang='lat' dir='ltr'><strong>et</strong></span> <span class='ocrx_word' id='word_1_294' title='bbox 1782 825 1952 873; x_wconf 89' lang='lat' dir='ltr'><strong>omnia</strong></span> <span class='ocrx_word' id='word_1_295' title='bbox 1977 824 2026 872; x_wconf 91' lang='lat' dir='ltr'><strong>iu</strong></span> <span class='ocrx_word' id='word_1_296' title='bbox 2064 823 2165 872; x_wconf 84' lang='lat' dir='ltr'><strong>isto</strong></span> <span class='ocrx_word' id='word_1_297' title='bbox 2201 822 2476 871; x_wconf 79' lang='lat' dir='ltr'><strong>numisma·</strong></span> 
     </span>
     <span class='ocr_line' id='line_1_58' title="bbox 1420 897 2479 962; baseline -0.008 -11"><span class='ocrx_word' id='word_1_298' title='bbox 1420 908 1473 951; x_wconf 87' lang='lat' dir='ltr'><strong>te</strong></span> <span class='ocrx_word' id='word_1_299' title='bbox 1514 901 1778 951; x_wconf 87' lang='lat' dir='ltr'><strong>victoriam</strong></span> <span class='ocrx_word' id='word_1_300' title='bbox 1807 900 2072 950; x_wconf 78' lang='lat' dir='ltr'><strong>Persicam</strong></span> <span class='ocrx_word' id='word_1_301' title='bbox 2103 897 2479 962; x_wconf 75' lang='lat' dir='ltr'><strong>praedicarentz</strong></span> 
     </span>
     <span class='ocr_line' id='line_1_59' title="bbox 1420 970 2480 1042; baseline -0.005 -16"><span class='ocrx_word' id='word_1_302' title='bbox 1420 991 1606 1042; x_wconf 88' lang='lat' dir='ltr'><strong>nempe</strong></span> <span class='ocrx_word' id='word_1_303' title='bbox 1623 978 1877 1040; x_wconf 87' lang='lat' dir='ltr'><strong>galeatum</strong></span> <span class='ocrx_word' id='word_1_304' title='bbox 1891 982 2069 1039; x_wconf 89' lang='lat' dir='ltr'><strong>caput,</strong></span> <span class='ocrx_word' id='word_1_305' title='bbox 2083 974 2320 1023; x_wconf 83' lang='lat' dir='ltr'><strong>Victoria</strong></span> <span class='ocrx_word' id='word_1_306' title='bbox 2332 970 2480 1021; x_wconf 83' lang='lat' dir='ltr'><strong>&#39;retro</strong></span> 
     </span>
     <span class='ocr_line' id='line_1_60' title="bbox 1420 1048 2482 1116; baseline -0.004 -16"><span class='ocrx_word' id='word_1_307' title='bbox 1420 1053 1676 1116; x_wconf 81' lang='lat' dir='ltr'><strong>apposita,</strong></span> <span class='ocrx_word' id='word_1_308' title='bbox 1711 1053 2118 1115; x_wconf 85' lang='lat' dir='ltr'><strong>malogranatum</strong></span> <span class='ocrx_word' id='word_1_309' title='bbox 2154 1049 2354 1099; x_wconf 78' lang='lat' dir='ltr'><strong>Persici</strong></span> <span class='ocrx_word' id='word_1_310' title='bbox 2382 1048 2482 1097; x_wconf 79' lang='lat' dir='ltr'><strong>im·</strong></span> 
     </span>
     <span class='ocr_line' id='line_1_61' title="bbox 1421 1124 2481 1191; baseline -0.003 -15"><span class='ocrx_word' id='word_1_311' title='bbox 1421 1127 1554 1191; x_wconf 90' lang='lat' dir='ltr'><strong>perii</strong></span> <span class='ocrx_word' id='word_1_312' title='bbox 1578 1135 1720 1187; x_wconf 88' lang='lat' dir='ltr'><strong>nota,</strong></span> <span class='ocrx_word' id='word_1_313' title='bbox 1740 1141 1901 1175; x_wconf 85' lang='lat' dir='ltr'><strong>annus</strong></span> <span class='ocrx_word' id='word_1_314' title='bbox 1931 1125 2002 1175; x_wconf 89' lang='lat' dir='ltr'><strong>ibi</strong></span> <span class='ocrx_word' id='word_1_315' title='bbox 2037 1124 2262 1188; x_wconf 86' lang='lat' dir='ltr'><strong>denique</strong></span> <span class='ocrx_word' id='word_1_316' title='bbox 2286 1124 2481 1187; x_wconf 87' lang='lat' dir='ltr'><strong>primus</strong></span> 
     </span>
     <span class='ocr_line' id='line_1_62' title="bbox 1420 1199 2481 1264; baseline -0.003 -13"><span class='ocrx_word' id='word_1_317' title='bbox 1420 1216 1537 1251; x_wconf 86' lang='lat' dir='ltr'><strong>cum</strong></span> <span class='ocrx_word' id='word_1_318' title='bbox 1565 1202 1810 1251; x_wconf 84' lang='lat' dir='ltr'><strong>vicesimo</strong></span> <span class='ocrx_word' id='word_1_319' title='bbox 1832 1200 2161 1264; x_wconf 83' lang='lat' dir='ltr'><strong>compositus.</strong></span> <span class='ocrx_word' id='word_1_320' title='bbox 2214 1200 2349 1248; x_wconf 88' lang='lat' dir='ltr'><strong>Nam</strong></span> <span class='ocrx_word' id='word_1_321' title='bbox 2372 1199 2481 1248; x_wconf 86' lang='lat' dir='ltr'><strong>cni·</strong></span> 
     </span>
     <span class='ocr_line' id='line_1_63' title="bbox 1422 1275 2482 1341; baseline -0.003 -15"><span class='ocrx_word' id='word_1_322' title='bbox 1422 1292 1538 1326; x_wconf 87' lang='lat' dir='ltr'><strong>nam</strong></span> <span class='ocrx_word' id='word_1_323' title='bbox 1573 1283 1785 1341; x_wconf 84' lang='lat' dir='ltr'><strong>possent</strong></span> <span class='ocrx_word' id='word_1_324' title='bbox 1819 1276 2042 1340; x_wconf 86' lang='lat' dir='ltr'><strong>principi</strong></span> <span class='ocrx_word' id='word_1_325' title='bbox 2076 1275 2155 1325; x_wconf 80' lang='lat' dir='ltr'><strong>hae</strong></span> <span class='ocrx_word' id='word_1_326' title='bbox 2189 1281 2327 1325; x_wconf 78' lang='lat' dir='ltr'><strong>notae</strong></span> <span class='ocrx_word' id='word_1_327' title='bbox 2357 1288 2482 1324; x_wconf 82' lang='lat' dir='ltr'><strong>eon·</strong></span> 
     </span>
     <span class='ocr_line' id='line_1_64' title="bbox 1424 1350 2487 1417; baseline -0.005 -14"><span class='ocrx_word' id='word_1_328' title='bbox 1424 1353 1624 1417; x_wconf 79' lang='lat' dir='ltr'><strong>venire,</strong></span> <span class='ocrx_word' id='word_1_329' title='bbox 1648 1359 1995 1417; x_wconf 67' lang='lat' dir='ltr'><strong>preterquam</strong></span> <span class='ocrx_word' id='word_1_330' title='bbox 2018 1352 2114 1400; x_wconf 79' lang='lat' dir='ltr'><strong>&#39;nni</strong></span> <span class='ocrx_word' id='word_1_331' title='bbox 2146 1350 2487 1400; x_wconf 80' lang='lat' dir='ltr'><strong>Alexandro?</strong></span> 
     </span>
     <span class='ocr_line' id='line_1_65' title="bbox 1423 1424 2483 1491; baseline -0.006 -12"><span class='ocrx_word' id='word_1_332' title='bbox 1423 1429 1562 1479; x_wconf 83' lang='lat' dir='ltr'><strong>Nam</strong></span> <span class='ocrx_word' id='word_1_333' title='bbox 1584 1430 1991 1491; x_wconf 80' lang='lat' dir='ltr'><strong>malogranatum</strong></span> <span class='ocrx_word' id='word_1_334' title='bbox 2026 1440 2122 1489; x_wconf 89' lang='lat' dir='ltr'><strong>pro</strong></span> <span class='ocrx_word' id='word_1_335' title='bbox 2145 1424 2314 1476; x_wconf 77' lang='lat' dir='ltr'><strong>indice</strong></span> <span class='ocrx_word' id='word_1_336' title='bbox 2335 1425 2483 1488; x_wconf 86' lang='lat' dir='ltr'><strong>regni</strong></span> 
     </span>
     <span class='ocr_line' id='line_1_66' title="bbox 1424 1500 2485 1568; baseline -0.005 -13"><span class='ocrx_word' id='word_1_337' title='bbox 1424 1506 1628 1556; x_wconf 75' lang='lat' dir='ltr'><strong>Persici</strong></span> <span class='ocrx_word' id='word_1_338' title='bbox 1672 1506 1746 1555; x_wconf 87' lang='lat' dir='ltr'><strong>ibi</strong></span> <span class='ocrx_word' id='word_1_339' title='bbox 1779 1517 1914 1559; x_wconf 83' lang='lat' dir='ltr'><strong>esse,</strong></span> <span class='ocrx_word' id='word_1_340' title='bbox 1952 1503 2088 1568; x_wconf 88' lang='lat' dir='ltr'><strong>quod</strong></span> <span class='ocrx_word' id='word_1_341' title='bbox 2120 1503 2272 1552; x_wconf 86' lang='lat' dir='ltr'><strong>ferax</strong></span> <span class='ocrx_word' id='word_1_342' title='bbox 2304 1500 2485 1551; x_wconf 77' lang='lat' dir='ltr'><strong>horum</strong></span> 
     </span>
     <span class='ocr_line' id='line_1_67' title="bbox 1423 1575 2485 1643; baseline -0.004 -12"><span class='ocrx_word' id='word_1_343' title='bbox 1423 1580 1686 1631; x_wconf 78' lang='lat' dir='ltr'><strong>fructuum</strong></span> <span class='ocrx_word' id='word_1_344' title='bbox 1721 1597 1786 1630; x_wconf 88' lang='lat' dir='ltr'><strong>ea</strong></span> <span class='ocrx_word' id='word_1_345' title='bbox 1818 1581 1961 1643; x_wconf 88' lang='lat' dir='ltr'><strong>regio</strong></span> <span class='ocrx_word' id='word_1_346' title='bbox 1996 1580 2084 1641; x_wconf 87' lang='lat' dir='ltr'><strong>sit,</strong></span> <span class='ocrx_word' id='word_1_347' title='bbox 2118 1578 2268 1627; x_wconf 84' lang='lat' dir='ltr'><strong>testis</strong></span> <span class='ocrx_word' id='word_1_348' title='bbox 2304 1575 2485 1627; x_wconf 85' lang='lat' dir='ltr'><strong>afferri</strong></span> 
     </span>
     <span class='ocr_line' id='line_1_68' title="bbox 1425 1652 2486 1720; baseline -0.007 -12"><span class='ocrx_word' id='word_1_349' title='bbox 1425 1664 1602 1720; x_wconf 79' lang='lat' dir='ltr'><strong>potest</strong></span> <span class='ocrx_word' id='word_1_350' title='bbox 1637 1656 1971 1715; x_wconf 82' lang='lat' dir='ltr'><strong>Plutarchus,</strong></span> <span class='ocrx_word' id='word_1_351' title='bbox 2004 1654 2091 1718; x_wconf 84' lang='lat' dir='ltr'><strong>qni</strong></span> <span class='ocrx_word' id='word_1_352' title='bbox 2138 1668 2345 1717; x_wconf 87' lang='lat' dir='ltr'><strong>pomum</strong></span> <span class='ocrx_word' id='word_1_353' title='bbox 2391 1652 2486 1702; x_wconf 71' lang='lat' dir='ltr'><strong>ltu·</strong></span> 
     </span>
     <span class='ocr_line' id='line_1_69' title="bbox 1416 1727 2486 1797; baseline -0.007 -14"><span class='ocrx_word' id='word_1_354' title='bbox 1416 1734 1646 1797; x_wconf 86' lang='lat' dir='ltr'><strong>jusmodi</strong></span> <span class='ocrx_word' id='word_1_355' title='bbox 1667 1731 2019 1796; x_wconf 85' lang='lat' dir='ltr'><strong>magnitudine</strong></span> <span class='ocrx_word' id='word_1_356' title='bbox 2037 1728 2236 1791; x_wconf 77' lang='lat' dir='ltr'><strong>insigne</strong></span> <span class='ocrx_word' id='word_1_357' title='bbox 2251 1727 2486 1777; x_wconf 78' lang='lat' dir='ltr'><strong>oblatam</strong></span> 
     </span>
     <span class='ocr_line' id='line_1_70' title="bbox 1422 1805 2486 1867; baseline -0.007 -8"><span class='ocrx_word' id='word_1_358' title='bbox 1422 1809 1586 1858; x_wconf 82' lang='lat' dir='ltr'><strong>fuisse</strong></span> <span class='ocrx_word' id='word_1_359' title='bbox 1624 1808 1906 1862; x_wconf 81' lang='lat' dir='ltr'><strong>Artaxerxi</strong></span> <span class='ocrx_word' id='word_1_360' title='bbox 1940 1805 2103 1856; x_wconf 84' lang='lat' dir='ltr'><strong>refert</strong></span> <span class='ocrx_word' id='word_1_361' title='bbox 2136 1806 2188 1853; x_wconf 89' lang='lat' dir='ltr'><strong>in</strong></span> <span class='ocrx_word' id='word_1_362' title='bbox 2211 1805 2319 1867; x_wconf 89' lang='lat' dir='ltr'><strong>ejus</strong></span> <span class='ocrx_word' id='word_1_363' title='bbox 2342 1805 2486 1867; x_wconf 79' lang='lat' dir='ltr'><strong>Vita,</strong></span> 
     </span>
     <span class='ocr_line' id='line_1_71' title="bbox 1426 1880 2486 1951; baseline -0.007 -14"><span class='ocrx_word' id='word_1_364' title='bbox 1426 1901 1547 1951; x_wconf 82' lang='lat' dir='ltr'><strong>pag.</strong></span> <span class='ocrx_word' id='word_1_365' title='bbox 1572 1890 1717 1935; x_wconf 73' lang='lat'><strong>101³.</strong></span> <span class='ocrx_word' id='word_1_366' title='bbox 1791 1885 1957 1934; x_wconf 87' lang='lat' dir='ltr'><strong>Favet</strong></span> <span class='ocrx_word' id='word_1_367' title='bbox 1980 1889 2036 1932; x_wconf 89' lang='lat' dir='ltr'><strong>et</strong></span> <span class='ocrx_word' id='word_1_368' title='bbox 2056 1880 2358 1931; x_wconf 82' lang='lat' dir='ltr'><strong>Herodotus</strong></span> <span class='ocrx_word' id='word_1_369' title='bbox 2382 1894 2486 1930; x_wconf 85' lang='lat' dir='ltr'><strong>vn.</strong></span> 
     </span>
     <span class='ocr_line' id='line_1_72' title="bbox 1424 1960 2485 2021; baseline -0.003 -11"><span class='ocrx_word' id='word_1_370' title='bbox 1424 1964 1508 2010; x_wconf 81' lang='lat' dir='ltr'><strong>«ss.</strong></span> <span class='ocrx_word' id='word_1_371' title='bbox 1577 1962 1674 2010; x_wconf 90' lang='lat' dir='ltr'><strong>Est</strong></span> <span class='ocrx_word' id='word_1_372' title='bbox 1704 1960 1788 2010; x_wconf 88' lang='lat' dir='ltr'><strong>hic</strong></span> <span class='ocrx_word' id='word_1_373' title='bbox 1822 1972 2056 2009; x_wconf 88' lang='lat' dir='ltr'><strong>nummus</strong></span> <span class='ocrx_word' id='word_1_374' title='bbox 2092 1971 2217 2006; x_wconf 87' lang='lat' dir='ltr'><strong>sane</strong></span> <span class='ocrx_word' id='word_1_375' title='bbox 2242 1971 2485 2021; x_wconf 77' lang='lat' dir='ltr'><strong>perrarus</strong></span> 
     </span>
     <span class='ocr_line' id='line_1_73' title="bbox 1427 2032 2484 2099; baseline -0.003 -14"><span class='ocrx_word' id='word_1_376' title='bbox 1427 2050 1490 2087; x_wconf 86' lang='lat' dir='ltr'><strong>ac</strong></span> <span class='ocrx_word' id='word_1_377' title='bbox 1513 2035 1804 2099; x_wconf 79' lang='lat' dir='ltr'><strong>singularis,</strong></span> <span class='ocrx_word' id='word_1_378' title='bbox 1827 2049 1890 2083; x_wconf 85' lang='lat' dir='ltr'><strong>ex</strong></span> <span class='ocrx_word' id='word_1_379' title='bbox 1916 2039 2152 2096; x_wconf 80' lang='lat' dir='ltr'><strong>argento,</strong></span> <span class='ocrx_word' id='word_1_380' title='bbox 2177 2032 2353 2095; x_wconf 84' lang='lat' dir='ltr'><strong>primae</strong></span> <span class='ocrx_word' id='word_1_381' title='bbox 2377 2046 2484 2082; x_wconf 85' lang='lat' dir='ltr'><strong>mo·</strong></span> 
     </span>
     <span class='ocr_line' id='line_1_74' title="bbox 1427 2107 2489 2170; baseline -0.003 -9"><span class='ocrx_word' id='word_1_382' title='bbox 1427 2112 1507 2168; x_wconf 81' lang='lat' dir='ltr'><strong>lis,</strong></span> <span class='ocrx_word' id='word_1_383' title='bbox 1543 2110 1594 2159; x_wconf 91' lang='lat' dir='ltr'><strong>in</strong></span> <span class='ocrx_word' id='word_1_384' title='bbox 1629 2112 1726 2160; x_wconf 86' lang='lat' dir='ltr'><strong>hac</strong></span> <span class='ocrx_word' id='word_1_385' title='bbox 1764 2110 1980 2159; x_wconf 82' lang='lat' dir='ltr'><strong>civitate</strong></span> <span class='ocrx_word' id='word_1_386' title='bbox 2015 2107 2315 2170; x_wconf 71' lang='lat' dir='ltr'><strong>parisiensi,</strong></span> <span class='ocrx_word' id='word_1_387' title='bbox 2341 2108 2390 2155; x_wconf 91' lang='lat' dir='ltr'><strong>in</strong></span> <span class='ocrx_word' id='word_1_388' title='bbox 2413 2109 2489 2158; x_wconf 82' lang='lat' dir='ltr'><strong>lo-</strong></span> 
     </span>
    </p>
   </div>
   <div class='ocr_carea' id='block_1_9' title="bbox 1400 2183 2492 2250">
    <p class='ocr_par' dir='ltr' id='par_1_13' title="bbox 1400 2183 2492 2250">
     <span class='ocr_line' id='line_1_75' title="bbox 1400 2183 2492 2250; baseline -0.004 -14"><span class='ocrx_word' id='word_1_389' title='bbox 1400 2187 1782 2250; x_wconf 73' lang='lat' dir='ltr'><strong>cupletissimo</strong></span> <span class='ocrx_word' id='word_1_390' title='bbox 1816 2186 2041 2245; x_wconf 85' lang='lat' dir='ltr'><strong>cimelio,</strong></span> <span class='ocrx_word' id='word_1_391' title='bbox 2078 2184 2144 2231; x_wconf 91' lang='lat' dir='ltr'><strong>D.</strong></span> <span class='ocrx_word' id='word_1_392' title='bbox 2181 2184 2229 2231; x_wconf 90' lang='lat' dir='ltr'><strong>le</strong></span> <span class='ocrx_word' id='word_1_393' title='bbox 2264 2183 2431 2247; x_wconf 52' lang='lat' dir='ltr'><strong>Hayz‘</strong></span> <span class='ocrx_word' id='word_1_394' title='bbox 2458 2199 2492 2232; x_wconf 82' lang='lat' dir='ltr'><strong>a</strong></span> 
     </span>
    </p>
   </div>
   <div class='ocr_carea' id='block_1_10' title="bbox 1428 2258 2515 4296">
    <p class='ocr_par' dir='ltr' id='par_1_14' title="bbox 1428 2258 2494 2399">
     <span class='ocr_line' id='line_1_76' title="bbox 1428 2258 2494 2327; baseline -0.003 -15"><span class='ocrx_word' id='word_1_395' title='bbox 1428 2277 1531 2327; x_wconf 86' lang='lat' dir='ltr'><strong>quo</strong></span> <span class='ocrx_word' id='word_1_396' title='bbox 1576 2261 1896 2311; x_wconf 81' lang='lat' dir='ltr'><strong>numismatis</strong></span> <span class='ocrx_word' id='word_1_397' title='bbox 1944 2272 2241 2324; x_wconf 82' lang='lat' dir='ltr'><strong>expressam</strong></span> <span class='ocrx_word' id='word_1_398' title='bbox 2279 2258 2330 2306; x_wconf 89' lang='lat' dir='ltr'><strong>in</strong></span> <span class='ocrx_word' id='word_1_399' title='bbox 2369 2270 2494 2309; x_wconf 74' lang='lat' dir='ltr'><strong>cera</strong></span> 
     </span>
     <span class='ocr_line' id='line_1_77' title="bbox 1428 2335 2309 2399; baseline -0.003 -14"><span class='ocrx_word' id='word_1_400' title='bbox 1428 2335 1702 2399; x_wconf 85' lang='lat' dir='ltr'><strong>imaginem</strong></span> <span class='ocrx_word' id='word_1_401' title='bbox 1722 2335 2036 2399; x_wconf 86' lang='lat' dir='ltr'><strong>accepimus.</strong></span> <span class='ocrx_word' id='word_1_402' title='bbox 2306 2356 2309 2359; x_wconf 97' lang='lat'>·</span> 
     </span>
    </p>

    <p class='ocr_par' dir='ltr' id='par_1_15' title="bbox 1429 2408 2515 3297">
     <span class='ocr_line' id='line_1_78' title="bbox 1493 2408 2494 2475; baseline -0.004 -14"><span class='ocrx_word' id='word_1_403' title='bbox 1493 2417 1544 2461; x_wconf 83' lang='grc'><strong>9.</strong></span> <span class='ocrx_word' id='word_1_404' title='bbox 1578 2412 1752 2475; x_wconf 84' lang='lat' dir='ltr'><strong>Caput</strong></span> <span class='ocrx_word' id='word_1_405' title='bbox 1772 2410 2055 2460; x_wconf 85' lang='lat' dir='ltr'><strong>Alexandri</strong></span> <span class='ocrx_word' id='word_1_406' title='bbox 2080 2408 2263 2471; x_wconf 84' lang='lat' dir='ltr'><strong>Magni</strong></span> <span class='ocrx_word' id='word_1_407' title='bbox 2285 2408 2494 2457; x_wconf 79' lang='lat' dir='ltr'><strong>leonina-</strong></span> 
     </span>
     <span class='ocr_line' id='line_1_79' title="bbox 1431 2483 2491 2553; baseline -0.005 -15"><span class='ocrx_word' id='word_1_408' title='bbox 1431 2489 1569 2553; x_wconf 90' lang='lat' dir='ltr'><strong>pelle</strong></span> <span class='ocrx_word' id='word_1_409' title='bbox 1591 2494 1807 2536; x_wconf 86' lang='lat' dir='ltr'><strong>tectum.</strong></span> <span class='ocrx_word' id='word_1_410' title='bbox 1831 2484 1913 2550; x_wconf 87' lang='lat'><strong>.)(.</strong></span> <span class='ocrx_word' id='word_1_411' title='bbox 1935 2485 2149 2547; x_wconf 83' lang='lat' dir='ltr'><strong>Jupiter</strong></span> <span class='ocrx_word' id='word_1_412' title='bbox 2172 2483 2341 2546; x_wconf 76' lang='lat' dir='ltr'><strong>sedet,</strong></span> <span class='ocrx_word' id='word_1_413' title='bbox 2365 2491 2421 2533; x_wconf 84' lang='lat' dir='ltr'><strong>ut</strong></span> <span class='ocrx_word' id='word_1_414' title='bbox 2436 2486 2491 2533; x_wconf 91' lang='lat' dir='ltr'><strong>in</strong></span> 
     </span>
     <span class='ocr_line' id='line_1_80' title="bbox 1430 2559 2513 2627; baseline -0.004 -15"><span class='ocrx_word' id='word_1_415' title='bbox 1430 2562 1687 2627; x_wconf 87' lang='lat' dir='ltr'><strong>prioribus</strong></span> <span class='ocrx_word' id='word_1_416' title='bbox 1737 2561 1973 2610; x_wconf 84' lang='lat' dir='ltr'><strong>nummis.</strong></span> <span class='ocrx_word' id='word_1_417' title='bbox 2043 2559 2232 2609; x_wconf 82' lang='lat' dir='ltr'><strong>Latere</strong></span> <span class='ocrx_word' id='word_1_418' title='bbox 2283 2559 2513 2610; x_wconf 85' lang='lat' dir='ltr'><strong>sinistro·</strong></span> 
     </span>
     <span class='ocr_line' id='line_1_81' title="bbox 1429 2638 2494 2689; baseline -0.005 0"><span class='ocrx_word' id='word_1_419' title='bbox 1429 2644 1854 2689; x_wconf 73' lang='grc' dir='ltr'><strong>ΑΛΕΧΑΝΔΡΟΥ.</strong></span> <span class='ocrx_word' id='word_1_420' title='bbox 1931 2638 2138 2687; x_wconf 84' lang='lat' dir='ltr'><strong>Dextro</strong></span> <span class='ocrx_word' id='word_1_421' title='bbox 2181 2640 2273 2687; x_wconf 78' lang='lat' dir='ltr'><strong>K&lt;</strong></span> <span class='ocrx_word' id='word_1_422' title='bbox 2309 2653 2324 2686; x_wconf 74' lang='lat' dir='ltr'><em>z</em></span> <span class='ocrx_word' id='word_1_423' title='bbox 2369 2649 2494 2685; x_wconf 88' lang='lat' dir='ltr'><strong>con-</strong></span> 
     </span>
     <span class='ocr_line' id='line_1_82' title="bbox 1431 2711 2493 2775; baseline -0.006 -9"><span class='ocrx_word' id='word_1_424' title='bbox 1431 2716 1579 2766; x_wconf 86' lang='lat' dir='ltr'><strong>nexis</strong></span> <span class='ocrx_word' id='word_1_425' title='bbox 1613 2714 1809 2765; x_wconf 87' lang='lat' dir='ltr'><strong>duabus</strong></span> <span class='ocrx_word' id='word_1_426' title='bbox 1845 2712 2008 2761; x_wconf 89' lang='lat' dir='ltr'><strong>literis</strong></span> <span class='ocrx_word' id='word_1_427' title='bbox 2043 2717 2103 2760; x_wconf 80' lang='lat' dir='ltr'><strong>K.</strong></span> <span class='ocrx_word' id='word_1_428' title='bbox 2137 2717 2192 2761; x_wconf 91' lang='lat' dir='ltr'><strong>et</strong></span> <span class='ocrx_word' id='word_1_429' title='bbox 2225 2718 2283 2760; x_wconf 77' lang='lat' dir='ltr'><strong>A.</strong></span> <span class='ocrx_word' id='word_1_430' title='bbox 2307 2711 2493 2775; x_wconf 80' lang='lat' dir='ltr'><strong>quibus</strong></span> 
     </span>
     <span class='ocr_line' id='line_1_83' title="bbox 1430 2789 2494 2852; baseline -0.003 -10"><span class='ocrx_word' id='word_1_431' title='bbox 1430 2808 1592 2842; x_wconf 88' lang='lat' dir='ltr'><strong>annus</strong></span> <span class='ocrx_word' id='word_1_432' title='bbox 1618 2790 1903 2842; x_wconf 83' lang='lat' dir='ltr'><strong>Alexandri</strong></span> <span class='ocrx_word' id='word_1_433' title='bbox 1927 2789 2173 2839; x_wconf 76' lang='lat' dir='ltr'><strong>vicesimus</strong></span> <span class='ocrx_word' id='word_1_434' title='bbox 2197 2790 2382 2852; x_wconf 69' lang='lat' dir='ltr'><strong>primus</strong></span> <span class='ocrx_word' id='word_1_435' title='bbox 2401 2800 2494 2839; x_wconf 85' lang='lat' dir='ltr'><strong>no·</strong></span> 
     </span>
     <span class='ocr_line' id='line_1_84' title="bbox 1432 2866 2496 2919; baseline -0.005 -2"><span class='ocrx_word' id='word_1_436' title='bbox 1432 2875 1591 2919; x_wconf 87' lang='lat' dir='ltr'><strong>tatur.</strong></span> <span class='ocrx_word' id='word_1_437' title='bbox 1622 2896 1629 2903; x_wconf 76' lang='lat'><strong><em>,</em></strong></span> <span class='ocrx_word' id='word_1_438' title='bbox 1658 2867 1890 2917; x_wconf 84' lang='lat' dir='ltr'><strong>Eximius</strong></span> <span class='ocrx_word' id='word_1_439' title='bbox 1924 2866 2010 2914; x_wconf 88' lang='lat' dir='ltr'><strong>hic</strong></span> <span class='ocrx_word' id='word_1_440' title='bbox 2042 2879 2275 2914; x_wconf 88' lang='lat' dir='ltr'><strong>nummus</strong></span> <span class='ocrx_word' id='word_1_441' title='bbox 2309 2880 2374 2914; x_wconf 86' lang='lat' dir='ltr'><strong>ex</strong></span> <span class='ocrx_word' id='word_1_442' title='bbox 2411 2876 2496 2913; x_wconf 85' lang='lat' dir='ltr'><strong>ar-</strong></span> 
     </span>
     <span class='ocr_line' id='line_1_85' title="bbox 1433 2940 2497 3008; baseline -0.006 -15"><span class='ocrx_word' id='word_1_443' title='bbox 1433 2954 1612 3008; x_wconf 89' lang='lat' dir='ltr'><strong>gento,</strong></span> <span class='ocrx_word' id='word_1_444' title='bbox 1635 2942 1910 2992; x_wconf 87' lang='lat' dir='ltr'><strong>mediocris</strong></span> <span class='ocrx_word' id='word_1_445' title='bbox 1935 2940 2149 2995; x_wconf 81' lang='lat' dir='ltr'><strong>moduli,</strong></span> <span class='ocrx_word' id='word_1_446' title='bbox 2171 2940 2264 2989; x_wconf 88' lang='lat' dir='ltr'><strong>sed</strong></span> <span class='ocrx_word' id='word_1_447' title='bbox 2287 2940 2497 3002; x_wconf 83' lang='lat' dir='ltr'><strong>elegan-</strong></span> 
     </span>
     <span class='ocr_line' id='line_1_86' title="bbox 1434 3015 2493 3081; baseline -0.004 -11"><span class='ocrx_word' id='word_1_448' title='bbox 1434 3023 1475 3070; x_wconf 87' lang='lat' dir='ltr'><strong>ti</strong></span> <span class='ocrx_word' id='word_1_449' title='bbox 1534 3018 1732 3068; x_wconf 84' lang='lat' dir='ltr'><strong>fabrica</strong></span> <span class='ocrx_word' id='word_1_450' title='bbox 1775 3026 1889 3081; x_wconf 68' lang='lat' dir='ltr'><strong>est,v</strong></span> <span class='ocrx_word' id='word_1_451' title='bbox 1918 3017 2054 3080; x_wconf 87' lang='lat' dir='ltr'><strong>apud</strong></span> <span class='ocrx_word' id='word_1_452' title='bbox 2112 3018 2178 3064; x_wconf 87' lang='lat' dir='ltr'><strong>D.</strong></span> <span class='ocrx_word' id='word_1_453' title='bbox 2220 3015 2287 3063; x_wconf 82' lang='lat' dir='ltr'><strong>de</strong></span> <span class='ocrx_word' id='word_1_454' title='bbox 2332 3017 2493 3066; x_wconf 65' lang='lat' dir='ltr'><strong>Bone.</strong></span> 
     </span>
     <span class='ocr_line' id='line_1_87' title="bbox 1434 3090 2495 3156; baseline -0.005 -12"><span class='ocrx_word' id='word_1_455' title='bbox 1434 3094 1582 3144; x_wconf 85' lang='lat' dir='ltr'><strong>Alius</strong></span> <span class='ocrx_word' id='word_1_456' title='bbox 1600 3094 1691 3156; x_wconf 85' lang='lat' dir='ltr'><strong>ibi,</strong></span> <span class='ocrx_word' id='word_1_457' title='bbox 1707 3094 1882 3142; x_wconf 85' lang='lat' dir='ltr'><strong>similis</strong></span> <span class='ocrx_word' id='word_1_458' title='bbox 1900 3091 2100 3151; x_wconf 61' lang='lat' dir='ltr'><strong>formae,</strong></span> <span class='ocrx_word' id='word_1_459' title='bbox 2114 3090 2271 3138; x_wconf 83' lang='lat' dir='ltr'><strong>habet</strong></span> <span class='ocrx_word' id='word_1_460' title='bbox 2286 3091 2495 3142; x_wconf 80' lang='lat' dir='ltr'><strong>literam</strong></span> 
     </span>
     <span class='ocr_line' id='line_1_88' title="bbox 1435 3166 2515 3230; baseline -0.006 -9"><span class='ocrx_word' id='word_1_461' title='bbox 1435 3178 1497 3221; x_wconf 80' lang='lat' dir='ltr'><strong>K.</strong></span> <span class='ocrx_word' id='word_1_462' title='bbox 1530 3171 1800 3226; x_wconf 84' lang='lat' dir='ltr'><strong>duntaxat,</strong></span> <span class='ocrx_word' id='word_1_463' title='bbox 1831 3168 1929 3218; x_wconf 80' lang='lat' dir='ltr'><strong>hoc</strong></span> <span class='ocrx_word' id='word_1_464' title='bbox 1964 3173 2060 3230; x_wconf 76' lang='lat' dir='ltr'><strong>est,</strong></span> <span class='ocrx_word' id='word_1_465' title='bbox 2097 3180 2286 3214; x_wconf 87' lang='lat' dir='ltr'><strong>annum</strong></span> <span class='ocrx_word' id='word_1_466' title='bbox 2325 3166 2515 3215; x_wconf 70' lang='grc' dir='ltr'><strong>οἰοιοῖ--</strong></span> 
     </span>
     <span class='ocr_line' id='line_1_89' title="bbox 1436 3264 1584 3297; baseline 0 0"><span class='ocrx_word' id='word_1_467' title='bbox 1436 3264 1584 3297; x_wconf 78' lang='lat' dir='ltr'><strong>mum.</strong></span> 
     </span>
    </p>

    <p class='ocr_par' dir='ltr' id='par_1_16' title="bbox 1436 3317 2501 4296">
     <span class='ocr_line' id='line_1_90' title="bbox 1504 3317 2498 3385; baseline -0.005 -12"><span class='ocrx_word' id='word_1_468' title='bbox 1504 3328 1582 3373; x_wconf 84' lang='lat' dir='ltr'><strong>lo.</strong></span> <span class='ocrx_word' id='word_1_469' title='bbox 1617 3324 1791 3385; x_wconf 89' lang='lat' dir='ltr'><strong>Caput</strong></span> <span class='ocrx_word' id='word_1_470' title='bbox 1817 3317 2101 3370; x_wconf 87' lang='lat' dir='ltr'><strong>Alexandri</strong></span> <span class='ocrx_word' id='word_1_471' title='bbox 2125 3318 2306 3381; x_wconf 83' lang='lat' dir='ltr'><strong>Magni</strong></span> <span class='ocrx_word' id='word_1_472' title='bbox 2337 3319 2498 3368; x_wconf 87' lang='lat' dir='ltr'><strong>leoni·</strong></span> 
     </span>
     <span class='ocr_line' id='line_1_91' title="bbox 1436 3394 2495 3460; baseline -0.004 -12"><span class='ocrx_word' id='word_1_473' title='bbox 1436 3413 1506 3448; x_wconf 89' lang='lat' dir='ltr'><strong>na</strong></span> <span class='ocrx_word' id='word_1_474' title='bbox 1535 3399 1672 3460; x_wconf 84' lang='lat' dir='ltr'><strong>pelle</strong></span> <span class='ocrx_word' id='word_1_475' title='bbox 1709 3402 1923 3446; x_wconf 90' lang='lat' dir='ltr'><strong>tectum.</strong></span> <span class='ocrx_word' id='word_1_476' title='bbox 1958 3394 2043 3460; x_wconf 88' lang='lat'><strong>.)(.</strong></span> <span class='ocrx_word' id='word_1_477' title='bbox 2078 3395 2292 3458; x_wconf 76' lang='lat' dir='ltr'><strong>Jupiter</strong></span> <span class='ocrx_word' id='word_1_478' title='bbox 2328 3396 2495 3458; x_wconf 90' lang='lat' dir='ltr'><strong>sedet,</strong></span> 
     </span>
     <span class='ocr_line' id='line_1_92' title="bbox 1437 3471 2497 3535; baseline -0.004 -11"><span class='ocrx_word' id='word_1_479' title='bbox 1437 3476 1569 3524; x_wconf 88' lang='lat' dir='ltr'><strong>utin</strong></span> <span class='ocrx_word' id='word_1_480' title='bbox 1595 3488 1799 3523; x_wconf 87' lang='lat' dir='ltr'><strong>nummo</strong></span> <span class='ocrx_word' id='word_1_481' title='bbox 1824 3472 2011 3535; x_wconf 89' lang='lat' dir='ltr'><strong>priore.</strong></span> <span class='ocrx_word' id='word_1_482' title='bbox 2080 3471 2272 3520; x_wconf 85' lang='lat' dir='ltr'><strong>Latere</strong></span> <span class='ocrx_word' id='word_1_483' title='bbox 2306 3471 2497 3521; x_wconf 87' lang='lat' dir='ltr'><strong>nummi</strong></span> 
     </span>
     <span class='ocr_line' id='line_1_93' title="bbox 1439 3546 2495 3606; baseline -0.002 -7"><span class='ocrx_word' id='word_1_484' title='bbox 1439 3552 1668 3606; x_wconf 87' lang='lat' dir='ltr'><strong>sinistro,</strong></span> <span class='ocrx_word' id='word_1_485' title='bbox 1710 3553 2145 3600; x_wconf 69' lang='lat' dir='ltr'><strong>AAEXANAPOT:</strong></span> <span class='ocrx_word' id='word_1_486' title='bbox 2202 3546 2387 3597; x_wconf 85' lang='lat' dir='ltr'><strong>dextro</strong></span> <span class='ocrx_word' id='word_1_487' title='bbox 2430 3548 2495 3597; x_wconf 88' lang='lat' dir='ltr'><strong>ad</strong></span> 
     </span>
     <span class='ocr_line' id='line_1_94' title="bbox 1439 3623 2498 3683; baseline -0.005 -7"><span class='ocrx_word' id='word_1_488' title='bbox 1439 3642 1595 3676; x_wconf 87' lang='lat' dir='ltr'><strong>crura</strong></span> <span class='ocrx_word' id='word_1_489' title='bbox 1627 3626 1798 3683; x_wconf 81' lang='lat' dir='ltr'><strong>Jovis,</strong></span> <span class='ocrx_word' id='word_1_490' title='bbox 1828 3630 1923 3673; x_wconf 79' lang='grc' dir='ltr'><strong>ΚΓ.</strong></span> <span class='ocrx_word' id='word_1_491' title='bbox 1954 3623 2052 3672; x_wconf 84' lang='lat' dir='ltr'><strong>hoc</strong></span> <span class='ocrx_word' id='word_1_492' title='bbox 2086 3629 2187 3681; x_wconf 85' lang='lat' dir='ltr'><strong>est,</strong></span> <span class='ocrx_word' id='word_1_493' title='bbox 2209 3636 2341 3670; x_wconf 90' lang='lat' dir='ltr'><strong>anno</strong></span> <span class='ocrx_word' id='word_1_494' title='bbox 2374 3623 2498 3671; x_wconf 77' lang='lat' dir='ltr'><strong>vice·</strong></span> 
     </span>
     <span class='ocr_line' id='line_1_95' title="bbox 1437 3697 2496 3769; baseline -0.004 -17"><span class='ocrx_word' id='word_1_495' title='bbox 1437 3704 1556 3752; x_wconf 82' lang='lat' dir='ltr'><strong>simo</strong></span> <span class='ocrx_word' id='word_1_496' title='bbox 1578 3702 1749 3753; x_wconf 68' lang='lat' dir='ltr'><strong>tertior</strong></span> <span class='ocrx_word' id='word_1_497' title='bbox 1792 3715 1946 3763; x_wconf 87' lang='lat' dir='ltr'><strong>supra</strong></span> <span class='ocrx_word' id='word_1_498' title='bbox 1967 3698 2030 3745; x_wconf 89' lang='lat' dir='ltr'><strong>ad</strong></span> <span class='ocrx_word' id='word_1_499' title='bbox 2054 3697 2285 3769; x_wconf 73' lang='lat' dir='ltr'><strong>ejusdem</strong></span> <span class='ocrx_word' id='word_1_500' title='bbox 2310 3712 2496 3759; x_wconf 85' lang='lat' dir='ltr'><strong>genua,</strong></span> 
     </span>
     <span class='ocr_line' id='line_1_96' title="bbox 1438 3771 2501 3839; baseline -0.007 -9"><span class='ocrx_word' id='word_1_501' title='bbox 1438 3784 1535 3830; x_wconf 73' lang='grc' dir='ltr'><strong>ΑΞ.</strong></span> <span class='ocrx_word' id='word_1_502' title='bbox 1558 3779 1657 3828; x_wconf 83' lang='lat' dir='ltr'><strong>hoc</strong></span> <span class='ocrx_word' id='word_1_503' title='bbox 1690 3785 1788 3839; x_wconf 89' lang='lat' dir='ltr'><strong>est,</strong></span> <span class='ocrx_word' id='word_1_504' title='bbox 1819 3771 2174 3831; x_wconf 77' lang='grc' dir='ltr'><strong>Ἀσπληδονῖων</strong></span> <span class='ocrx_word' id='word_1_505' title='bbox 2205 3773 2256 3820; x_wconf 87' lang='lat' dir='ltr'><strong>in</strong></span> <span class='ocrx_word' id='word_1_506' title='bbox 2279 3773 2501 3826; x_wconf 81' lang='lat' dir='ltr'><strong>Boeotia.</strong></span> 
     </span>
     <span class='ocr_line' id='line_1_97' title="bbox 1437 3848 2500 3912; baseline -0.006 -8"><span class='ocrx_word' id='word_1_507' title='bbox 1437 3856 1526 3905; x_wconf 87' lang='lat' dir='ltr'><strong>Sic</strong></span> <span class='ocrx_word' id='word_1_508' title='bbox 1543 3854 1679 3903; x_wconf 87' lang='lat' dir='ltr'><strong>enim</strong></span> <span class='ocrx_word' id='word_1_509' title='bbox 1704 3855 1757 3902; x_wconf 92' lang='lat' dir='ltr'><strong>in</strong></span> <span class='ocrx_word' id='word_1_510' title='bbox 1781 3853 1992 3901; x_wconf 87' lang='lat' dir='ltr'><strong>nummis</strong></span> <span class='ocrx_word' id='word_1_511' title='bbox 2015 3848 2250 3912; x_wconf 88' lang='lat' dir='ltr'><strong>ejusdem</strong></span> <span class='ocrx_word' id='word_1_512' title='bbox 2277 3849 2500 3898; x_wconf 85' lang='lat' dir='ltr'><strong>Alexan·</strong></span> 
     </span>
     <span class='ocr_line' id='line_1_98' title="bbox 1441 3923 2499 3993; baseline -0.005 -14"><span class='ocrx_word' id='word_1_513' title='bbox 1441 3930 1521 3979; x_wconf 88' lang='lat' dir='ltr'><strong>dri</strong></span> <span class='ocrx_word' id='word_1_514' title='bbox 1556 3929 1736 3993; x_wconf 90' lang='lat' dir='ltr'><strong>Magni</strong></span> <span class='ocrx_word' id='word_1_515' title='bbox 1774 3933 1908 3976; x_wconf 81' lang='lat' dir='ltr'><strong>KAE.</strong></span> <span class='ocrx_word' id='word_1_516' title='bbox 1929 3923 2207 3973; x_wconf 75' lang='grc' dir='ltr'>Κλεωναίων</span> <span class='ocrx_word' id='word_1_517' title='bbox 2239 3932 2335 3973; x_wconf 85' lang='lat' dir='ltr'><strong>est.</strong></span> <span class='ocrx_word' id='word_1_518' title='bbox 2394 3925 2499 3975; x_wconf 90' lang='lat' dir='ltr'><strong>Ne·</strong></span> 
     </span>
     <span class='ocr_line' id='line_1_99' title="bbox 1442 3999 2499 4069; baseline -0.002 -15"><span class='ocrx_word' id='word_1_519' title='bbox 1442 4020 1542 4069; x_wconf 84' lang='lat' dir='ltr'><strong>que</strong></span> <span class='ocrx_word' id='word_1_520' title='bbox 1569 4014 1717 4053; x_wconf 84' lang='lat' dir='ltr'><strong>extra</strong></span> <span class='ocrx_word' id='word_1_521' title='bbox 1755 4002 2015 4053; x_wconf 83' lang='lat' dir='ltr'><strong>Graeciam</strong></span> <span class='ocrx_word' id='word_1_522' title='bbox 2055 3999 2166 4048; x_wconf 83' lang='lat' dir='ltr'><strong>fere</strong></span> <span class='ocrx_word' id='word_1_523' title='bbox 2201 4015 2326 4049; x_wconf 86' lang='lat' dir='ltr'><strong>cusa</strong></span> <span class='ocrx_word' id='word_1_524' title='bbox 2345 4002 2499 4065; x_wconf 84' lang='lat' dir='ltr'><strong>hujus</strong></span> 
     </span>
     <span class='ocr_line' id='line_1_100' title="bbox 1443 4078 2499 4144; baseline 0.001 -16"><span class='ocrx_word' id='word_1_525' title='bbox 1443 4081 1693 4144; x_wconf 88' lang='lat' dir='ltr'><strong>principis</strong></span> <span class='ocrx_word' id='word_1_526' title='bbox 1729 4078 1956 4128; x_wconf 72' lang='lat' dir='ltr'><strong>nomine</strong></span> <span class='ocrx_word' id='word_1_527' title='bbox 2000 4078 2307 4126; x_wconf 83' lang='lat' dir='ltr'><strong>numismata</strong></span> <span class='ocrx_word' id='word_1_528' title='bbox 2361 4087 2499 4130; x_wconf 90' lang='lat' dir='ltr'><strong>sunt.</strong></span> 
     </span>
     <span class='ocr_line' id='line_1_101' title="bbox 1445 4153 2501 4205; baseline -0.004 0"><span class='ocrx_word' id='word_1_529' title='bbox 1445 4158 1540 4205; x_wconf 84' lang='lat' dir='ltr'><strong>Est</strong></span> <span class='ocrx_word' id='word_1_530' title='bbox 1571 4157 1654 4204; x_wconf 83' lang='lat' dir='ltr'><strong>hic</strong></span> <span class='ocrx_word' id='word_1_531' title='bbox 1692 4155 1898 4204; x_wconf 86' lang='lat' dir='ltr'><strong>maximi</strong></span> <span class='ocrx_word' id='word_1_532' title='bbox 1932 4153 2124 4202; x_wconf 87' lang='lat' dir='ltr'><strong>moduli</strong></span> <span class='ocrx_word' id='word_1_533' title='bbox 2162 4167 2396 4202; x_wconf 86' lang='lat' dir='ltr'><strong>nummus</strong></span> <span class='ocrx_word' id='word_1_534' title='bbox 2421 4169 2501 4201; x_wconf 87' lang='lat' dir='ltr'><strong>ar·</strong></span> 
     </span>
     <span class='ocr_line' id='line_1_102' title="bbox 1445 4228 2501 4296; baseline 0.001 -16"><span class='ocrx_word' id='word_1_535' title='bbox 1445 4240 1667 4296; x_wconf 82' lang='lat' dir='ltr'><strong>genteus</strong></span> <span class='ocrx_word' id='word_1_536' title='bbox 1710 4229 1849 4296; x_wconf 89' lang='lat' dir='ltr'><strong>apud</strong></span> <span class='ocrx_word' id='word_1_537' title='bbox 1903 4229 1969 4279; x_wconf 90' lang='lat' dir='ltr'><strong>D.</strong></span> <span class='ocrx_word' id='word_1_538' title='bbox 2010 4228 2268 4279; x_wconf 85' lang='lat' dir='ltr'><strong>Abbatem</strong></span> <span class='ocrx_word' id='word_1_539' title='bbox 2314 4230 2501 4281; x_wconf 81' lang='lat' dir='ltr'><strong>Fawel.</strong></span> 
     </span>
    </p>
   </div>
  </div>
 </body>
</html>
