3000 4917
859 407 1034 461 mir.
1081 409 1278 460 ms‘r.
1326 410 1470 459 mn.
1521 410 1810 463 xxxvi.
1855 397 1969 465 38.
2339 402 2515 471 4755

300 547 571 627 similiS,
602 551 1000 634 peculiarius
1031 553 1366 637 splendet.
1456 555 1781 623 Proficitq
1817 559 2168 624 oculorum
2198 560 2513 646 lacrymis

299 652 372 715 in
401 653 585 718 lacte
616 654 965 720 muliebri:
1009 656 1569 740 procidentesque
1597 660 1831 726 oculos
1861 662 2179 744 praeclare
2211 665 2512 731 cohibet.

301 752 487 819 Haec
517 763 622 820 est
652 759 985 822 sententia
1018 777 1267 834 eorum,
1293 760 1412 842 qui
1441 763 1819 844 nuperrime
1849 765 2200 848 scripsere.

276 872 287 882 ·
389 870 749 920 xxxvm.
801 858 1134 925 Sotacus¹
1180 880 1218 923 e
1262 861 1740 927 vetustissimis
1782 866 2170 931 auctoribus
2216 868 2511 952 quinque

298 977 546 1040 genera
589 959 1072 1027 haematitarum
1119 960 1338 1039 tradit,
1369 969 1609 1044 praeter
1652 971 2074 1052 magnetem?
2160 969 2512 1054 Principa-

296 1066 489 1125 tum²
532 1061 651 1126 dat
687 1081 774 1126 ex
805 1062 893 1127 iis
922 1064 1334 1146 AEthiopico,
1366 1066 1711 1130 oculorum
1744 1067 2249 1134 medicamentis
2295 1072 2515 1137 utilis-

295 1164 506 1240 simo,
550 1171 617 1228 et
663 1165 750 1229 iis
797 1185 951 1248 quae
997 1165 1440 1249 panchrestab
1483 1169 1899 1251 appellant:³
1954 1172 2115 1236 item
2161 1173 2510 1238 ambustis.

294 1266 617 1330 Alterum
649 1267 1213 1333 androdamanta⁰
1244 1268 1406 1334 dicit
1436 1272 1683 1348 vocari,
1716 1273 1941 1336 colore
1979 1274 2185 1354 nigre,
2216 1274 2511 1357 pondere

293 1377 403 1431 ac·
430 1368 676 1432 duritia
705 1370 1053 1452 insignem,
1084 1375 1151 1433 et
1180 1370 1332 1434 inde
1362 1369 1651 1436 nomend
1693 1375 2005 1452 traxisse,
2036 1379 2511 1460 praecipueque

290 1469 371 1533 in
417 1468 656 1535 Africa
699 1477 1051 1553 repertum.
1139 1471 1428 1536 Trahere
1469 1478 1693 1541 aute'm
1722 1474 1790 1538 in
1825 1483 1939 1538 se⁸
1983 1483 2356 1558 argentum,
2391 1498 2510 1555 ωε,

294 1571 572 1638 ferrum.
663 1573 1215 1660 Experimentum
1259 1574 1407 1658 ejus
1451 1595 1603 1640 esse
1652 1576 1723 1639 in
1767 1581 1917 1641 cote
1943 1597 2030 1641 ex
2060 1578 2283 1662 lapide
2312 1580 2509 1646 basa-

293 1671 488 1738 nite.f
569 1674 875 1740 Reddere
908 1676 1082 1740 enim
1115 1683 1439 1743 succum4
1484 1677 1950 1759 sanguineum,
1981 1684 2046 1744 et
2074 1699 2226 1744 esse
2275 1681 2363 1746 ad
2398 1681 2507 1764 jo-

292 1778 542 1842 cineris
599 1779 763 1842 vitia
820 1779 1175 1861 praecipui
1206 1778 1505 1843 remedii.
1578 1778 1920 1849 ,Tertium
1968 1800 2198 1862 genus·
2229 1780 2508 1848 Arabici

294 1880 490 1953 facit,
518 1879 726 1943 simili
770 1879 1040 1958 duritie,
1072 1881 1190 1944 vix
1233 1880 1578 1945 reddentis
1623 1899 1895 1947 succum
1927 1883 2019 1947 ad
2047 1892 2268 1949 cotem
2300 1901 2506 1968 aqua-

297 1979 526 2059 riam,5
544 1988 571 2027 ⁸
599 1981 962 2064 aliquando
994 2001 1189 2049 croco
1220 1982 1526 2048 similem.
1618 1981 1863 2061 Quarti
1893 1984 2154 2064 generis
2192 1983 2509 2049 elatiten¹¹

298 2081 563 2159 vocari,
594 2082 917 2166 quamdiu
961 2083 1374 2154 crudussit:
1422 2089 1687 2147 coctum
1728 2103 1887 2148 vero
1934 2083 2235 2170 miltiten,
2278 2086 2507 2150 utilem
2551 2152 2560 2159 ,

296 2181 663 2260 ambustis,
719 2183 806 2248 ad
858 2185 1080 2250 omnia
1137 2184 1471 2249 utiliorem
1529 2181 1836 2249 rubrica.i
1941 2184 2184 2264 Quinti
2240 2187 2503 2269 generis

1220 2380 1583 2403 OOOOOOOOOOO

297 2593 420 2629 nov.
444 2587 500 2629 et
526 2582 800 2641 vulgg.-2
838 2579 1258 2642 Principatumque
1288 2580 1411 2627 Vet.
1452 2578 1734 2628 Dalec.—3
1769 2578 1916 2626 Idem
1952 2513 2508 2642 Veffapfflztcalfrnzsmogt

290 2644 599 2709 pallante—4
635 2643 766 2695 Cod.
797 2645 982 2693 Dalec.
1018 2644 1330 2693 colorem—6
1381 2644 1509 2693 Voc.
1544 2642 1790 2705 aquariam
1824 2642 1971 2692 deest
2009 2645 2061 2692 in
2099 2642 2217 2693 cod.
2257 2644 2508 2694 Balce.—

364 2515 506 2564 mr.
531 2527 777 2564 xxxvur.
844 2519 865 2563 1
906 2514 996 2564 Ita
1015 2527 1081 2562 ex
1115 2514 1271 2563 codd.
1296 2513 1599 2563 Harduinus
1635 2519 1692 2563 et
1729 2518 1953 2567 recentt.

1295 2803 1519 2855 NOTAE

294 2919 562 2984 Idemque
583 2919 921 2977 commodior,
952 2920 1148 2980 mitior,
1181 2920 1233 2969 in
1270 2935 1364 2969 usn

290 2994 602 3059 jucundior,
622 2994 896 3059 πραότερος,
931 2996 1100 3061 inquit
1130 2995 1363 3046 Galenus

274 3089 281 3095 ’
298 3071 404 3119 ¹00·
429 3070 523 3119 eit·
545 3085 599 3132 p·
621 3074 741 3119 255·

292 3184 298 3192 .
365 3152 392 3187 «ι
423 3144 656 3210 Proficit]
693 3144 869 3195 Diosc.
889 3146 991 3195 loc.
1011 3146 1104 3197 cit.

268 3214 275 3221 ’
364 3228 391 3255 ⁸
407 3221 603 3269 Proeter
621 3221 910 3284 magnetem]
929 3222 1137 3271 Praeter
1154 3220 1204 3270 id
1229 3235 1367 3285 mag·

300 3297 442 3348 netis
483 3311 667 3361 genus,
711 3297 849 3361 quod
890 3298 1191 3348 baematiten
1227 3297 1364 3360 pari-

305 3381 390 3424 ter
437 3374 696 3437 appellari
752 3374 990 3439 superius
1048 3373 1243 3423 dictum
1287 3379 1368 3422 est

300 3463 425 3511 cap.
450 3452 537 3497 25.

366 3522 393 3556 ¹³
425 3522 554 3578 Quae
572 3522 879 3586 panchresta]
906 3521 1226 3587 Πάγχρηστα,
1249 3536 1366 3587 per-

299 3598 557 3663 benigna,
581 3613 787 3661 prorsus
815 3600 980 3649 utilia.

364 3683 390 3709 θ
449 3673 672 3723 Alterum
720 3673 1118 3736 androdamanta]
1176 3675 1368 3724 Locum

300 3751 444 3800 hunc
470 3752 624 3814 plane
647 3749 713 3799 ad
736 3750 953 3801 verbum
975 3750 1251 3814 exscripsit
1272 3749 1371 3799 Isi·
1426 3786 1435 3791 -

300 3825 464 3875 dorus
486 3825 641 3889 Orig.
663 3838 785 3874 xvi.
802 3829 854 3875 4.

365 3902 392 3937 ἅ
426 3904 499 3952 Et
538 3905 648 3952 inde
690 3902 879 3965 nom]
911 3902 1069 3954 Quod
1107 3900 1369 3951 hominum

274 4014 281 4021 ·
303 3984 532 4031 conatus
553 3979 607 4028 in
629 3977 918 4042 frangendo
939 3978 1134 4041 domet,
1152 3973 1374 4040 ἂνδροδά·

303 4071 411 4165 μᾶζ’
428 4130 642 4180 Trahere
663 4134 819 4178 autem
838 4131 891 4180 in
908 4130 983 4194 se]
1018 4131 1092 4180 Ut
1125 4129 1317 4180 ferrum
1340 4144 1371 4178 a

280 4213 548 4270 ·magnete
572 4206 809 4256 trahitur.
874 4207 1107 4256 Isidorus
1129 4207 1229 4256 loc.
1248 4205 1338 4255 cit.

378 4279 399 4314 ¹
418 4281 483 4332 In
505 4287 612 4332 cote
629 4295 692 4330 ex
713 4280 949 4345 basanite]
981 4281 1084 4334 Qui
1104 4281 1236 4345 lapis
1261 4280 1370 4330 nul-

1445 2921 1549 2970 lum
1573 2933 1639 2968 ex
1661 2933 1717 2968 se
1738 2933 1949 2969 succum
1975 2924 2065 2968 aut
2089 2918 2311 2968 colorem
2335 2917 2510 2967 remit·

1446 2995 1531 3045 tit.
1601 2995 1708 3043 Pro
1729 3002 1849 3043 cote
1881 2993 2178 3042 mortarium
2202 2994 2377 3042 dicere
2400 2994 2507 3042 Pli-

1445 3070 1585 3119 nium
1600 3069 1860 3130 debuisse,
1876 3068 2143 3118 contendit
2160 3069 2438 3118 Salmasius
2455 3069 2510 3117 in

1445 3144 1607 3196 Solin.
1644 3159 1693 3207 p.
1729 3148 1870 3194 1333.
1939 3145 2184 3193 Frustra:
2222 3149 2328 3192 tum
2363 3143 2505 3208 quod

1447 3236 1514 3272 ex
1536 3222 1718 3270 attrito
1743 3222 1808 3270 ad
1833 3227 2002 3269 cotem
2039 3218 2212 3283 lapide
2249 3218 2388 3268 haud
2430 3232 2511 3267 se-

1447 3312 1539 3347 cus
1580 3296 1727 3345 reddi
1757 3310 1945 3346 succus
1980 3295 2325 3358 intelligatur,
2354 3308 2507 3358 quam

1447 3389 1514 3425 ex
1560 3374 1764 3435 eodem,
1807 3373 1851 3421 si
1896 3380 2098 3423 teratur
2135 3373 2189 3421 in
2222 3372 2508 3421 mortariis:

1448 3455 1559 3498 tum
1598 3448 1737 3513 quod
1777 3449 1892 3512 ipsa
1938 3447 2188 3497 mortaria
2224 3452 2368 3497 cotes
2417 3460 2511 3509 ap-

1448 3524 1631 3588 pellari
1669 3530 1815 3574 recte
1855 3524 2072 3586 possint,
2109 3523 2247 3587 quod
2286 3535 2351 3570 ex
2391 3527 2509 3571 cote

1443 3599 1595 3650 finnt.
1663 3599 1818 3650 Unde
1843 3613 2069 3650 xxxvn.
2092 3604 2175 3649 54.
2197 3598 2268 3647 de
2290 3598 2504 3647 achate:

1443 3683 1459 3706 ‘
1484 3674 1685 3724 Medici
1710 3675 1960 3725 coticulas
1984 3674 2103 3723 inde
2127 3670 2360 3722 faciunt.'

1513 3756 1540 3792 8
1569 3749 1653 3798 Aa
1694 3755 1842 3799 cotem
1879 3748 2155 3813 aquarium]
2203 3747 2337 3797 Quae
2373 3759 2508 3811 aqua

1448 3826 1763 3887 aspergitur.
1873 3868 1878 3873 .
2321 3872 2326 3877 ,

1513 3900 1540 3934 ¹¹
1574 3900 1813 3963 Elatiten]
1836 3900 1937 3952 Qui
1960 3900 2185 3950 colorem
2207 3897 2367 3949 babet
2390 3896 2505 3947 ἑλά-

1447 3993 1555 4040 vm,
1577 3976 1673 4025 boc
1696 3983 1793 4033 est,
1814 3975 2015 4024 abietis.-
2049 3982 2107 4024 ut
2139 3974 2373 4038 miltites,
2391 3973 2505 4035 μίλ-

1446 4072 1554 4113 του,
1577 4054 1673 4102 hoc
1695 4059 1797 4113 est,
1816 4051 2031 4101 rubrica.
2111 4096 2117 4103 ,

1520 4129 1535 4162 ¹
1568 4129 1819 4178 Utilior-em
1851 4127 2065 4191 rubrica]
2100 4126 2263 4190 Cujus
2293 4127 2430 4177 vires
2453 4127 2506 4175 in

1449 4205 1710 4256 medicina
1731 4204 1965 4268 superius
1986 4203 2203 4267 proditae
2228 4216 2404 4255 xxxV.
2428 4207 2509 4253 14.
