<?xml version="1.0" encoding="UTF-8"?>
<!DOCTYPE html PUBLIC "-//W3C//DTD XHTML 1.0 Transitional//EN"
    "http://www.w3.org/TR/xhtml1/DTD/xhtml1-transitional.dtd">
<html xmlns="http://www.w3.org/1999/xhtml" xml:lang="en" lang="en">
 <head>
  <title>
</title>
<meta http-equiv="Content-Type" content="text/html;charset=utf-8" />
  <meta name='ocr-system' content='tesseract 3.04.00' />
  <meta name='ocr-capabilities' content='ocr_page ocr_carea ocr_par ocr_line ocrx_word'/>
</head>
<body>
  <div class='ocr_page' id='page_1' title='image "./cpliniisecundin01valpgoog_0220.png"; bbox 0 0 3000 4917; ppageno 0'>
   <div class='ocr_carea' id='block_1_1' title="bbox 478 331 1945 396">
    <p class='ocr_par' dir='ltr' id='par_1_1' title="bbox 478 331 1945 396">
     <span class='ocr_line' id='line_1_1' title="bbox 478 331 1945 396; baseline 0.001 -2"><span class='ocrx_word' id='word_1_1' title='bbox 478 331 656 395; x_wconf 78' lang='grc'><strong>4576</strong></span> <span class='ocrx_word' id='word_1_2' title='bbox 1212 348 1273 394; x_wconf 87' lang='lat' dir='ltr'><strong>c.</strong></span> <span class='ocrx_word' id='word_1_3' title='bbox 1319 346 1564 395; x_wconf 64' lang='lat' dir='ltr'><strong>annm</strong></span> <span class='ocrx_word' id='word_1_4' title='bbox 1613 346 1945 396; x_wconf 66' lang='lat' dir='ltr'><strong>saeuum</strong></span> 
     </span>
    </p>
   </div>
   <div class='ocr_carea' id='block_1_2' title="bbox 477 487 2746 1286">
    <p class='ocr_par' dir='ltr' id='par_1_2' title="bbox 477 487 2746 1286">
     <span class='ocr_line' id='line_1_2' title="bbox 485 487 2678 576; baseline 0.003 -24"><span class='ocrx_word' id='word_1_5' title='bbox 485 487 952 572; x_wconf 77' lang='lat' dir='ltr'><strong>Demophilum</strong></span> <span class='ocrx_word' id='word_1_6' title='bbox 988 488 1438 568; x_wconf 80' lang='lat' dir='ltr'><strong>Himeraeum,</strong></span> <span class='ocrx_word' id='word_1_7' title='bbox 1487 497 1559 555; x_wconf 90' lang='lat' dir='ltr'><strong>et</strong></span> <span class='ocrx_word' id='word_1_8' title='bbox 1607 489 1906 556; x_wconf 86' lang='lat' dir='ltr'><strong>Neseam</strong></span> <span class='ocrx_word' id='word_1_9' title='bbox 1951 490 2315 572; x_wconf 82' lang='lat' dir='ltr'><strong>Thasium3</strong></span> <span class='ocrx_word' id='word_1_10' title='bbox 2362 494 2678 576; x_wconf 83' lang='lat' dir='ltr'><strong>quoniam</strong></span> 
     </span>
     <span class='ocr_line' id='line_1_3' title="bbox 480 590 2682 679; baseline 0.003 -26"><span class='ocrx_word' id='word_1_11' title='bbox 480 590 698 659; x_wconf 80' lang='lat' dir='ltr'><strong>utrius</strong></span> <span class='ocrx_word' id='word_1_12' title='bbox 735 608 963 654; x_wconf 88' lang='lat' dir='ltr'><strong>eorum</strong></span> <span class='ocrx_word' id='word_1_13' title='bbox 996 590 1372 674; x_wconf 87' lang='lat' dir='ltr'><strong>discipulus</strong></span> <span class='ocrx_word' id='word_1_14' title='bbox 1402 591 1605 656; x_wconf 88' lang='lat' dir='ltr'><strong>fuerit</strong></span> <span class='ocrx_word' id='word_1_15' title='bbox 1633 593 2007 674; x_wconf 77' lang='lat' dir='ltr'><strong>ambigitur.</strong></span> <span class='ocrx_word' id='word_1_16' title='bbox 2071 592 2179 656; x_wconf 68' lang='grc' dir='ltr'><strong>ΠΙιι</strong></span> <span class='ocrx_word' id='word_1_17' title='bbox 2210 612 2362 658; x_wconf 88' lang='lat' dir='ltr'><strong>eum</strong></span> <span class='ocrx_word' id='word_1_18' title='bbox 2397 596 2682 679; x_wconf 88' lang='lat' dir='ltr'><strong>Apollo-</strong></span> 
     </span>
     <span class='ocr_line' id='line_1_4' title="bbox 480 690 2680 779; baseline 0.003 -25"><span class='ocrx_word' id='word_1_19' title='bbox 480 690 938 774; x_wconf 81' lang='lat' dir='ltr'><strong>dorussupra</strong></span> <span class='ocrx_word' id='word_1_20' title='bbox 980 690 1525 758; x_wconf 42' lang='lat' dir='ltr'><strong>diotusfflversus</strong></span> <span class='ocrx_word' id='word_1_21' title='bbox 1573 693 1754 770; x_wconf 83' lang='lat' dir='ltr'><strong>fecit,</strong></span> <span class='ocrx_word' id='word_1_22' title='bbox 1802 694 2094 761; x_wconf 81' lang='lat' dir='ltr'><strong>‘Artem</strong></span> <span class='ocrx_word' id='word_1_23' title='bbox 2135 693 2337 779; x_wconf 65' lang='lat' dir='ltr'><strong>ipsis*</strong></span> <span class='ocrx_word' id='word_1_24' title='bbox 2386 696 2680 761; x_wconf 84' lang='lat' dir='ltr'><strong>ablatam</strong></span> 
     </span>
     <span class='ocr_line' id='line_1_5' title="bbox 482 792 2685 881; baseline 0.003 -24"><span class='ocrx_word' id='word_1_25' title='bbox 482 793 756 857; x_wconf 82' lang='lat' dir='ltr'>Zeuxin</span> <span class='ocrx_word' id='word_1_26' title='bbox 807 792 977 857; x_wconf 85' lang='lat' dir='ltr'><strong>ferre</strong></span> <span class='ocrx_word' id='word_1_27' title='bbox 1028 794 1315 860; x_wconf 87' lang='lat' dir='ltr'><strong>secum.&#39;.</strong></span> <span class='ocrx_word' id='word_1_28' title='bbox 1387 794 1577 878; x_wconf 83' lang='lat' dir='ltr'>Opes</span> <span class='ocrx_word' id='word_1_29' title='bbox 1608 815 1874 879; x_wconf 85' lang='lat' dir='ltr'><strong>quoque</strong></span> <span class='ocrx_word' id='word_1_30' title='bbox 1925 802 2149 861; x_wconf 87' lang='lat' dir='ltr'><strong>tantas</strong></span> <span class='ocrx_word' id='word_1_31' title='bbox 2197 798 2579 881; x_wconf 85' lang='lat' dir='ltr'><strong>acquisivit,</strong></span> <span class='ocrx_word' id='word_1_32' title='bbox 2611 805 2685 863; x_wconf 85' lang='lat' dir='ltr'><strong>ut</strong></span> 
     </span>
     <span class='ocr_line' id='line_1_6' title="bbox 477 895 2683 981; baseline 0.002 -24"><span class='ocrx_word' id='word_1_33' title='bbox 477 895 548 957; x_wconf 92' lang='lat' dir='ltr'><strong>in</strong></span> <span class='ocrx_word' id='word_1_34' title='bbox 580 897 1028 967; x_wconf 78' lang='lat' dir='ltr'><strong>ostentatione</strong></span> <span class='ocrx_word' id='word_1_35' title='bbox 1060 915 1285 961; x_wconf 83' lang='lat' dir='ltr'><strong>earum</strong></span> <span class='ocrx_word' id='word_1_36' title='bbox 1318 897 1672 981; x_wconf 71' lang='lat' dir='ltr'><strong>Olympiae,</strong></span> <span class='ocrx_word' id='word_1_37' title='bbox 1702 898 1928 962; x_wconf 88' lang='lat' dir='ltr'><strong>aureis</strong></span> <span class='ocrx_word' id='word_1_38' title='bbox 1956 898 2173 963; x_wconf 85' lang='lat' dir='ltr'><strong>literis</strong></span> <span class='ocrx_word' id='word_1_39' title='bbox 2211 900 2284 963; x_wconf 87' lang='lat' dir='ltr'><strong>in</strong></span> <span class='ocrx_word' id='word_1_40' title='bbox 2323 895 2683 981; x_wconf 66' lang='lat' dir='ltr'><strong>palliorum</strong></span> 
     </span>
     <span class='ocr_line' id='line_1_7' title="bbox 478 995 2681 1065; baseline 0.001 -4"><span class='ocrx_word' id='word_1_41' title='bbox 478 995 783 1062; x_wconf 74' lang='lat' dir='ltr'><strong>tesseris-¹</strong></span> <span class='ocrx_word' id='word_1_42' title='bbox 832 998 1153 1063; x_wconf 87' lang='lat' dir='ltr'><strong>insertum</strong></span> <span class='ocrx_word' id='word_1_43' title='bbox 1201 1019 1442 1063; x_wconf 91' lang='lat' dir='ltr'><strong>nomen</strong></span> <span class='ocrx_word' id='word_1_44' title='bbox 1496 1019 1698 1063; x_wconf 87' lang='lat' dir='ltr'><strong>suurn</strong></span> <span class='ocrx_word' id='word_1_45' title='bbox 1752 1006 2174 1065; x_wconf 84' lang='lat' dir='ltr'><strong>ostentaret.4</strong></span> <span class='ocrx_word' id='word_1_46' title='bbox 2260 1000 2517 1064; x_wconf 81' lang='lat' dir='ltr'><strong>Postea</strong></span> <span class='ocrx_word' id='word_1_47' title='bbox 2566 1001 2681 1064; x_wconf 90' lang='lat' dir='ltr'><strong>do-</strong></span> 
     </span>
     <span class='ocr_line' id='line_1_8' title="bbox 477 1097 2746 1191; baseline 0.002 -29"><span class='ocrx_word' id='word_1_48' title='bbox 477 1118 640 1164; x_wconf 85' lang='lat' dir='ltr'><strong>nare</strong></span> <span class='ocrx_word' id='word_1_49' title='bbox 669 1119 874 1183; x_wconf 87' lang='lat' dir='ltr'><strong>opera</strong></span> <span class='ocrx_word' id='word_1_50' title='bbox 911 1119 1040 1164; x_wconf 86' lang='lat' dir='ltr'><strong>sua</strong></span> <span class='ocrx_word' id='word_1_51' title='bbox 1083 1102 1397 1183; x_wconf 74' lang='lat' dir='ltr'><strong>instituit,</strong></span> <span class='ocrx_word' id='word_1_52' title='bbox 1431 1100 1617 1188; x_wconf 91' lang='lat' dir='ltr'><strong>quod</strong></span> <span class='ocrx_word' id='word_1_53' title='bbox 1649 1121 1730 1166; x_wconf 83' lang='lat' dir='ltr'><strong>ea</strong></span> <span class='ocrx_word' id='word_1_54' title='bbox 1755 1101 1942 1166; x_wconf 91' lang='lat' dir='ltr'><strong>nullo</strong></span> <span class='ocrx_word' id='word_1_55' title='bbox 1975 1097 2187 1167; x_wconf 62' lang='lat' dir='ltr'><strong>satis*</strong></span> <span class='ocrx_word' id='word_1_56' title='bbox 2231 1101 2680 1184; x_wconf 85' lang='lat' dir='ltr'><strong>dignopretio</strong></span> <span class='ocrx_word' id='word_1_57' title='bbox 2737 1182 2746 1191; x_wconf 26' lang='grc' dir='ltr'><strong>ο</strong></span> 
     </span>
     <span class='ocr_line' id='line_1_9' title="bbox 477 1200 2679 1286; baseline 0 -21"><span class='ocrx_word' id='word_1_58' title='bbox 477 1203 835 1283; x_wconf 87' lang='lat' dir='ltr'><strong>permutari</strong></span> <span class='ocrx_word' id='word_1_59' title='bbox 882 1221 1095 1284; x_wconf 88' lang='lat' dir='ltr'><strong>posse</strong></span> <span class='ocrx_word' id='word_1_60' title='bbox 1146 1201 1421 1281; x_wconf 83' lang='lat' dir='ltr'><strong>diceret,</strong></span> <span class='ocrx_word' id='word_1_61' title='bbox 1472 1203 1676 1268; x_wconf 84' lang='lat' dir='ltr'><strong>sicuti</strong></span> <span class='ocrx_word' id='word_1_62' title='bbox 1708 1200 2101 1267; x_wconf 86' lang='lat' dir='ltr'><strong>Alcmenam</strong></span> <span class='ocrx_word' id='word_1_63' title='bbox 2138 1200 2679 1286; x_wconf 80' lang='lat' dir='ltr'><strong>AgrigentiniS,⁵¹</strong></span> 
     </span>
    </p>
   </div>
   <div class='ocr_carea' id='block_1_3' title="bbox 1400 1397 1761 1419">
    <p class='ocr_par' dir='ltr' id='par_1_3' title="bbox 1400 1397 1761 1419">
     <span class='ocr_line' id='line_1_10' title="bbox 1400 1397 1761 1419; baseline -0.003 -2"><span class='ocrx_word' id='word_1_64' title='bbox 1400 1398 1725 1419; x_wconf 56' lang='lat' dir='ltr'><strong>OOOOOOOOOOO</strong></span> <span class='ocrx_word' id='word_1_65' title='bbox 1730 1397 1761 1416; x_wconf 68' lang='lat'><strong>⁴*</strong></span> 
     </span>
    </p>
   </div>
   <div class='ocr_carea' id='block_1_4' title="bbox 471 1511 2678 1901">
    <p class='ocr_par' dir='ltr' id='par_1_4' title="bbox 471 1511 2678 1901">
     <span class='ocr_line' id='line_1_11' title="bbox 471 1511 2676 1579; baseline 0.001 -18"><span class='ocrx_word' id='word_1_66' title='bbox 471 1517 518 1573; x_wconf 65' lang='lat'><strong>2,</strong></span> <span class='ocrx_word' id='word_1_67' title='bbox 546 1517 594 1561; x_wconf 78' lang='lat'><strong>3.</strong></span> <span class='ocrx_word' id='word_1_68' title='bbox 615 1517 670 1561; x_wconf 90' lang='lat' dir='ltr'><strong>et</strong></span> <span class='ocrx_word' id='word_1_69' title='bbox 695 1517 1018 1562; x_wconf 58' lang='lat' dir='ltr'><strong>recisum—3</strong></span> <span class='ocrx_word' id='word_1_70' title='bbox 1057 1513 1189 1564; x_wconf 81' lang='lat' dir='ltr'><strong>Haec</strong></span> <span class='ocrx_word' id='word_1_71' title='bbox 1210 1514 1313 1563; x_wconf 90' lang='lat' dir='ltr'><strong>duo</strong></span> <span class='ocrx_word' id='word_1_72' title='bbox 1351 1514 1529 1574; x_wconf 79' lang='lat' dir='ltr'><strong>verba,</strong></span> <span class='ocrx_word' id='word_1_73' title='bbox 1549 1529 1696 1579; x_wconf 74' lang='lat' dir='ltr'><strong>supra</strong></span> <span class='ocrx_word' id='word_1_74' title='bbox 1717 1516 1895 1574; x_wconf 76' lang='lat' dir='ltr'><strong>dictus,</strong></span> <span class='ocrx_word' id='word_1_75' title='bbox 1936 1512 2128 1564; x_wconf 78' lang='lat' dir='ltr'><strong>desunt</strong></span> <span class='ocrx_word' id='word_1_76' title='bbox 2163 1513 2215 1562; x_wconf 89' lang='lat' dir='ltr'><strong>in</strong></span> <span class='ocrx_word' id='word_1_77' title='bbox 2247 1511 2363 1562; x_wconf 85' lang='lat' dir='ltr'><strong>eod.</strong></span> <span class='ocrx_word' id='word_1_78' title='bbox 2389 1513 2676 1579; x_wconf 59' lang='lat' dir='ltr'><strong>nalem—4</strong></span> 
     </span>
     <span class='ocr_line' id='line_1_12' title="bbox 473 1575 2676 1643; baseline 0 -18"><span class='ocrx_word' id='word_1_79' title='bbox 473 1579 489 1605; x_wconf 75' lang='lat'><em>⁶</em></span> <span class='ocrx_word' id='word_1_80' title='bbox 509 1577 595 1625; x_wconf 84' lang='lat' dir='ltr'><strong>Ita</strong></span> <span class='ocrx_word' id='word_1_81' title='bbox 621 1575 753 1626; x_wconf 87' lang='lat' dir='ltr'><strong>bene</strong></span> <span class='ocrx_word' id='word_1_82' title='bbox 778 1577 932 1626; x_wconf 88' lang='lat' dir='ltr'><strong>codd.</strong></span> <span class='ocrx_word' id='word_1_83' title='bbox 958 1578 1122 1642; x_wconf 82' lang='lat' dir='ltr'><strong>Regg.</strong></span> <span class='ocrx_word' id='word_1_84' title='bbox 1149 1586 1204 1628; x_wconf 90' lang='lat' dir='ltr'><strong>et</strong></span> <span class='ocrx_word' id='word_1_85' title='bbox 1239 1579 1417 1628; x_wconf 89' lang='lat' dir='ltr'><strong>Editio</strong></span> <span class='ocrx_word' id='word_1_86' title='bbox 1452 1579 1732 1643; x_wconf 63' lang='lat' dir='ltr'><strong>princeps.{</strong></span> <span class='ocrx_word' id='word_1_87' title='bbox 1761 1580 1980 1629; x_wconf 81' lang='lat' dir='ltr'><strong>Brotier.</strong></span> <span class='ocrx_word' id='word_1_88' title='bbox 2045 1579 2132 1628; x_wconf 89' lang='lat' dir='ltr'><strong>Ita</strong></span> <span class='ocrx_word' id='word_1_89' title='bbox 2155 1592 2360 1642; x_wconf 86' lang='lat' dir='ltr'><strong>quoque</strong></span> <span class='ocrx_word' id='word_1_90' title='bbox 2383 1577 2537 1626; x_wconf 84' lang='lat' dir='ltr'><strong>codd.</strong></span> <span class='ocrx_word' id='word_1_91' title='bbox 2574 1578 2676 1626; x_wconf 86' lang='lat' dir='ltr'><strong>Da-</strong></span> 
     </span>
     <span class='ocr_line' id='line_1_13' title="bbox 473 1642 2678 1704; baseline 0 -14"><span class='ocrx_word' id='word_1_92' title='bbox 473 1642 576 1690; x_wconf 85' lang='lat' dir='ltr'><strong>lec.</strong></span> <span class='ocrx_word' id='word_1_93' title='bbox 598 1648 657 1690; x_wconf 88' lang='lat' dir='ltr'><strong>et</strong></span> <span class='ocrx_word' id='word_1_94' title='bbox 676 1643 800 1691; x_wconf 61' lang='lat' dir='ltr'><strong>Ver·</strong></span> <span class='ocrx_word' id='word_1_95' title='bbox 822 1642 1073 1704; x_wconf 88' lang='lat' dir='ltr'><strong>ejusdem.</strong></span> <span class='ocrx_word' id='word_1_96' title='bbox 1127 1644 1366 1693; x_wconf 75' lang='lat' dir='ltr'><strong>intextum</strong></span> <span class='ocrx_word' id='word_1_97' title='bbox 1385 1659 1436 1693; x_wconf 76' lang='lat' dir='ltr'><strong>n.</strong></span> <span class='ocrx_word' id='word_1_98' title='bbox 1460 1659 1504 1691; x_wconf 79' lang='lat' dir='ltr'><strong>s.</strong></span> <span class='ocrx_word' id='word_1_99' title='bbox 1525 1644 1778 1693; x_wconf 76' lang='lat' dir='ltr'><strong>ostentarit</strong></span> <span class='ocrx_word' id='word_1_100' title='bbox 1818 1644 2051 1693; x_wconf 85' lang='lat' dir='ltr'><strong>Gronov.</strong></span> <span class='ocrx_word' id='word_1_101' title='bbox 2075 1644 2143 1695; x_wconf 84' lang='lat' dir='ltr'><strong>al.</strong></span> <span class='ocrx_word' id='word_1_102' title='bbox 2180 1650 2309 1692; x_wconf 84' lang='lat' dir='ltr'><strong>vett.</strong></span> <span class='ocrx_word' id='word_1_103' title='bbox 2347 1642 2606 1691; x_wconf 85' lang='lat' dir='ltr'><strong>Harduin.</strong></span> <span class='ocrx_word' id='word_1_104' title='bbox 2636 1647 2678 1691; x_wconf 89' lang='grc'><strong>1.</strong></span> 
     </span>
     <span class='ocr_line' id='line_1_14' title="bbox 475 1706 2678 1770; baseline 0 -16"><span class='ocrx_word' id='word_1_105' title='bbox 475 1710 524 1754; x_wconf 85' lang='grc'><strong>2.</strong></span> <span class='ocrx_word' id='word_1_106' title='bbox 564 1708 613 1755; x_wconf 75' lang='grc'><strong>3.</strong></span> <span class='ocrx_word' id='word_1_107' title='bbox 649 1714 702 1754; x_wconf 84' lang='lat' dir='ltr'><strong>et</strong></span> <span class='ocrx_word' id='word_1_108' title='bbox 742 1713 1062 1756; x_wconf 81' lang='lat' dir='ltr'><strong>receutt.—5</strong></span> <span class='ocrx_word' id='word_1_109' title='bbox 1098 1706 1217 1757; x_wconf 87' lang='lat' dir='ltr'><strong>‘Ita</strong></span> <span class='ocrx_word' id='word_1_110' title='bbox 1249 1707 1368 1758; x_wconf 88' lang='lat' dir='ltr'><strong>cod.</strong></span> <span class='ocrx_word' id='word_1_111' title='bbox 1406 1708 1541 1770; x_wconf 85' lang='lat' dir='ltr'><strong>Reg.</strong></span> <span class='ocrx_word' id='word_1_112' title='bbox 1579 1716 1627 1757; x_wconf 84' lang='lat'><strong>5.</strong></span> <span class='ocrx_word' id='word_1_113' title='bbox 1661 1717 1717 1758; x_wconf 87' lang='lat' dir='ltr'><strong>et</strong></span> <span class='ocrx_word' id='word_1_114' title='bbox 1748 1707 1927 1757; x_wconf 84' lang='lat' dir='ltr'><strong>Editio</strong></span> <span class='ocrx_word' id='word_1_115' title='bbox 1961 1706 2247 1770; x_wconf 28' lang='lat' dir='ltr'><strong>prin-ceps!</strong></span> <span class='ocrx_word' id='word_1_116' title='bbox 2293 1707 2509 1757; x_wconf 77' lang='lat' dir='ltr'><strong>Brotier.</strong></span> <span class='ocrx_word' id='word_1_117' title='bbox 2594 1706 2678 1755; x_wconf 90' lang='lat' dir='ltr'><strong>Ita</strong></span> 
     </span>
     <span class='ocr_line' id='line_1_15' title="bbox 475 1770 2675 1834; baseline 0.001 -18"><span class='ocrx_word' id='word_1_118' title='bbox 475 1783 675 1833; x_wconf 86' lang='lat' dir='ltr'><strong>quoque</strong></span> <span class='ocrx_word' id='word_1_119' title='bbox 718 1770 948 1820; x_wconf 76' lang='lat' dir='ltr'><strong>Gronov·</strong></span> <span class='ocrx_word' id='word_1_120' title='bbox 993 1779 1048 1820; x_wconf 92' lang='lat' dir='ltr'><strong>et</strong></span> <span class='ocrx_word' id='word_1_121' title='bbox 1082 1771 1150 1820; x_wconf 85' lang='lat' dir='ltr'><strong>al.</strong></span> <span class='ocrx_word' id='word_1_122' title='bbox 1183 1780 1312 1822; x_wconf 87' lang='lat' dir='ltr'><strong>vett.</strong></span> <span class='ocrx_word' id='word_1_123' title='bbox 1397 1772 1755 1834; x_wconf 71' lang='lat' dir='ltr'><strong>Agragantinis</strong></span> <span class='ocrx_word' id='word_1_124' title='bbox 1792 1772 2048 1821; x_wconf 84' lang='lat' dir='ltr'><strong>Harduin.</strong></span> <span class='ocrx_word' id='word_1_125' title='bbox 2083 1776 2129 1820; x_wconf 88' lang='grc'><strong>1.</strong></span> <span class='ocrx_word' id='word_1_126' title='bbox 2166 1776 2214 1821; x_wconf 82' lang='grc'><strong>2.</strong></span> <span class='ocrx_word' id='word_1_127' title='bbox 2254 1775 2304 1820; x_wconf 76' lang='grc'><strong>3.</strong></span> <span class='ocrx_word' id='word_1_128' title='bbox 2350 1772 2545 1820; x_wconf 82' lang='lat' dir='ltr'><strong>Miller.</strong></span> <span class='ocrx_word' id='word_1_129' title='bbox 2593 1772 2675 1818; x_wconf 90' lang='lat' dir='ltr'><strong>Bi·</strong></span> 
     </span>
     <span class='ocr_line' id='line_1_16' title="bbox 476 1835 2676 1901; baseline 0 -19"><span class='ocrx_word' id='word_1_130' title='bbox 476 1843 623 1898; x_wconf 87' lang='lat' dir='ltr'><strong>pont.</strong></span> <span class='ocrx_word' id='word_1_131' title='bbox 659 1840 716 1884; x_wconf 86' lang='lat' dir='ltr'><strong>et</strong></span> <span class='ocrx_word' id='word_1_132' title='bbox 752 1835 938 1885; x_wconf 87' lang='lat' dir='ltr'><strong>Franz.</strong></span> <span class='ocrx_word' id='word_1_133' title='bbox 1011 1837 1308 1886; x_wconf 78' lang='lat' dir='ltr'><strong>Crotoniatis</strong></span> <span class='ocrx_word' id='word_1_134' title='bbox 1329 1850 1509 1901; x_wconf 86' lang='lat' dir='ltr'><strong>margo</strong></span> <span class='ocrx_word' id='word_1_135' title='bbox 1533 1836 1653 1887; x_wconf 88' lang='lat' dir='ltr'><strong>edd.</strong></span> <span class='ocrx_word' id='word_1_136' title='bbox 1685 1836 1866 1888; x_wconf 87' lang='lat' dir='ltr'><strong>Dalec.</strong></span> <span class='ocrx_word' id='word_1_137' title='bbox 1891 1843 1945 1888; x_wconf 86' lang='lat' dir='ltr'><strong>et</strong></span> <span class='ocrx_word' id='word_1_138' title='bbox 1974 1837 2208 1887; x_wconf 85' lang='lat' dir='ltr'><strong>Gronov.</strong></span> <span class='ocrx_word' id='word_1_139' title='bbox 2236 1850 2267 1885; x_wconf 89' lang='lat' dir='ltr'><strong>e</strong></span> <span class='ocrx_word' id='word_1_140' title='bbox 2304 1835 2418 1884; x_wconf 87' lang='lat' dir='ltr'><strong>Cic.</strong></span> <span class='ocrx_word' id='word_1_141' title='bbox 2452 1836 2517 1885; x_wconf 84' lang='lat' dir='ltr'><strong>de</strong></span> <span class='ocrx_word' id='word_1_142' title='bbox 2562 1835 2676 1883; x_wconf 77' lang='lat' dir='ltr'><strong>Inv.</strong></span> 
     </span>
    </p>
   </div>
   <div class='ocr_carea' id='block_1_5' title="bbox 1464 2016 1677 2069">
    <p class='ocr_par' dir='ltr' id='par_1_5' title="bbox 1464 2016 1677 2069">
     <span class='ocr_line' id='line_1_17' title="bbox 1464 2016 1677 2069; baseline 0 -2"><span class='ocrx_word' id='word_1_143' title='bbox 1464 2016 1677 2069; x_wconf 78' lang='lat' dir='ltr'><strong>NOTAE</strong></span> 
     </span>
    </p>
   </div>
   <div class='ocr_carea' id='block_1_6' title="bbox 1614 2116 2700 2360">
    <p class='ocr_par' dir='ltr' id='par_1_6' title="bbox 1614 2116 2700 2360">
     <span class='ocr_line' id='line_1_18' title="bbox 1614 2116 2700 2209; baseline -0.001 -16"><span class='ocrx_word' id='word_1_144' title='bbox 1614 2146 1857 2208; x_wconf 81' lang='lat' dir='ltr'><strong>scriptae:</strong></span> <span class='ocrx_word' id='word_1_145' title='bbox 1913 2151 2088 2209; x_wconf 78' lang='lat' dir='ltr'><strong>atque,</strong></span> <span class='ocrx_word' id='word_1_146' title='bbox 2128 2149 2188 2193; x_wconf 88' lang='lat' dir='ltr'><strong>ut</strong></span> <span class='ocrx_word' id='word_1_147' title='bbox 2226 2116 2440 2207; x_wconf 74' lang='lat' dir='ltr'><strong>opinor,-</strong></span> <span class='ocrx_word' id='word_1_148' title='bbox 2472 2136 2700 2192; x_wconf 70' lang='lat' dir='ltr'><strong>rectius.⁴</strong></span> 
     </span>
     <span class='ocr_line' id='line_1_19' title="bbox 1616 2216 2677 2271; baseline -0.005 0"><span class='ocrx_word' id='word_1_149' title='bbox 1616 2223 1752 2271; x_wconf 83' lang='lat' dir='ltr'><strong>Nam</strong></span> <span class='ocrx_word' id='word_1_150' title='bbox 1777 2222 1908 2270; x_wconf 90' lang='lat' dir='ltr'><strong>etin</strong></span> <span class='ocrx_word' id='word_1_151' title='bbox 1941 2220 2189 2270; x_wconf 72' lang='lat' dir='ltr'><strong>orbiculis</strong></span> <span class='ocrx_word' id='word_1_152' title='bbox 2222 2219 2343 2268; x_wconf 89' lang='lat' dir='ltr'><strong>olim</strong></span> <span class='ocrx_word' id='word_1_153' title='bbox 2379 2231 2565 2266; x_wconf 89' lang='lat' dir='ltr'><strong>nomen</strong></span> <span class='ocrx_word' id='word_1_154' title='bbox 2589 2216 2677 2266; x_wconf 81' lang='lat' dir='ltr'><strong>‹le-</strong></span> 
     </span>
     <span class='ocr_line' id='line_1_20' title="bbox 1614 2291 2678 2360; baseline -0.005 -16"><span class='ocrx_word' id='word_1_155' title='bbox 1614 2298 1866 2360; x_wconf 74' lang='lat' dir='ltr'><strong>scriptum</strong></span> <span class='ocrx_word' id='word_1_156' title='bbox 1926 2296 2162 2359; x_wconf 86' lang='lat' dir='ltr'><strong>legimus.</strong></span> <span class='ocrx_word' id='word_1_157' title='bbox 2265 2291 2575 2344; x_wconf 78' lang='lat' dir='ltr'><strong>Anastasius</strong></span> <span class='ocrx_word' id='word_1_158' title='bbox 2628 2293 2678 2340; x_wconf 92' lang='lat' dir='ltr'><strong>in</strong></span> 
     </span>
    </p>
   </div>
   <div class='ocr_carea' id='block_1_7' title="bbox 473 2112 1562 2348">
    <p class='ocr_par' dir='ltr' id='par_1_7' title="bbox 473 2112 1562 2348">
     <span class='ocr_line' id='line_1_21' title="bbox 473 2112 1541 2208; baseline 0.002 -16"><span class='ocrx_word' id='word_1_159' title='bbox 473 2116 644 2208; x_wconf 46' lang='lat' dir='ltr'><strong>laum]</strong></span> <span class='ocrx_word' id='word_1_160' title='bbox 679 2143 767 2193; x_wconf 81' lang='lat' dir='ltr'><strong>Sic</strong></span> <span class='ocrx_word' id='word_1_161' title='bbox 784 2136 1070 2195; x_wconf 75' lang='lat' dir='ltr'><strong>Vaticanus</strong></span> <span class='ocrx_word' id='word_1_162' title='bbox 1094 2145 1281 2205; x_wconf 84' lang='lat' dir='ltr'><strong>codex,</strong></span> <span class='ocrx_word' id='word_1_163' title='bbox 1321 2112 1470 2208; x_wconf 39' lang='lat' dir='ltr'><strong>Regr</strong></span> <span class='ocrx_word' id='word_1_164' title='bbox 1490 2150 1541 2194; x_wconf 77' lang='grc'><strong>2.</strong></span> 
     </span>
     <span class='ocr_line' id='line_1_22' title="bbox 474 2220 1562 2285; baseline 0 -16"><span class='ocrx_word' id='word_1_165' title='bbox 474 2220 760 2284; x_wconf 83' lang='lat' dir='ltr'><strong>ceterique.</strong></span> <span class='ocrx_word' id='word_1_166' title='bbox 788 2220 851 2269; x_wconf 90' lang='lat' dir='ltr'><strong>In</strong></span> <span class='ocrx_word' id='word_1_167' title='bbox 865 2221 1040 2285; x_wconf 82' lang='lat' dir='ltr'><strong>editis,</strong></span> <span class='ocrx_word' id='word_1_168' title='bbox 1052 2221 1205 2282; x_wconf 85' lang='lat' dir='ltr'><strong>male,</strong></span> <span class='ocrx_word' id='word_1_169' title='bbox 1216 2223 1562 2271; x_wconf 85' lang='lat' dir='ltr'><strong><em>LXXXIX..</em></strong></span> 
     </span>
     <span class='ocr_line' id='line_1_23' title="bbox 473 2296 1542 2348; baseline 0.004 -5"><span class='ocrx_word' id='word_1_170' title='bbox 473 2309 590 2344; x_wconf 87' lang='lat' dir='ltr'><strong>cum</strong></span> <span class='ocrx_word' id='word_1_171' title='bbox 614 2296 750 2345; x_wconf 87' lang='lat' dir='ltr'><strong>diem</strong></span> <span class='ocrx_word' id='word_1_172' title='bbox 776 2297 967 2346; x_wconf 84' lang='lat' dir='ltr'><strong>obiisse</strong></span> <span class='ocrx_word' id='word_1_173' title='bbox 998 2305 1106 2347; x_wconf 90' lang='lat' dir='ltr'><strong>tum</strong></span> <span class='ocrx_word' id='word_1_174' title='bbox 1141 2299 1343 2347; x_wconf 77' lang='lat' dir='ltr'><strong>Zeuxin</strong></span> <span class='ocrx_word' id='word_1_175' title='bbox 1368 2299 1448 2347; x_wconf 83' lang='lat' dir='ltr'><strong>vel</strong></span> <span class='ocrx_word' id='word_1_176' title='bbox 1472 2313 1542 2348; x_wconf 81' lang='lat' dir='ltr'><strong>ex</strong></span> 
     </span>
    </p>
   </div>
   <div class='ocr_carea' id='block_1_8' title="bbox 2964 624 2969 1371">
    <p class='ocr_par' dir='ltr' id='par_1_8' title="bbox 2964 624 2969 1371">
     <span class='ocr_line' id='line_1_24' title="bbox 2964 624 2969 1371; baseline 0 0"><span class='ocrx_word' id='word_1_177' title='bbox 2964 624 2969 1371; x_wconf 95' lang='lat' dir='ltr'><strong> </strong></span> 
     </span>
    </p>
   </div>
   <div class='ocr_carea' id='block_1_9' title="bbox 471 2369 1542 2514">
    <p class='ocr_par' dir='ltr' id='par_1_9' title="bbox 471 2369 1542 2514">
     <span class='ocr_line' id='line_1_25' title="bbox 471 2369 1541 2436; baseline 0.004 -16"><span class='ocrx_word' id='word_1_178' title='bbox 471 2369 649 2427; x_wconf 75' lang='lat' dir='ltr'><strong>suida,</strong></span> <span class='ocrx_word' id='word_1_179' title='bbox 673 2377 732 2420; x_wconf 87' lang='lat' dir='ltr'><strong>ut</strong></span> <span class='ocrx_word' id='word_1_180' title='bbox 765 2371 894 2436; x_wconf 84' lang='lat' dir='ltr'><strong>dixi,</strong></span> <span class='ocrx_word' id='word_1_181' title='bbox 928 2373 1237 2422; x_wconf 86' lang='lat' dir='ltr'><strong>constet.-‘</strong></span> <span class='ocrx_word' id='word_1_182' title='bbox 1257 2374 1541 2424; x_wconf 72' lang='lat' dir='ltr'><strong>Vaticanus</strong></span> 
     </span>
     <span class='ocr_line' id='line_1_26' title="bbox 472 2447 1542 2514; baseline 0.006 -19"><span class='ocrx_word' id='word_1_183' title='bbox 472 2447 641 2496; x_wconf 83' lang='lat' dir='ltr'><strong>codex</strong></span> <span class='ocrx_word' id='word_1_184' title='bbox 680 2455 736 2511; x_wconf 87' lang='lat' dir='ltr'><strong>et</strong></span> <span class='ocrx_word' id='word_1_185' title='bbox 781 2449 909 2513; x_wconf 85' lang='lat' dir='ltr'><strong>Reg.</strong></span> <span class='ocrx_word' id='word_1_186' title='bbox 953 2451 1105 2506; x_wconf 89' lang='lat' dir='ltr'><strong>male,</strong></span> <span class='ocrx_word' id='word_1_187' title='bbox 1138 2450 1407 2500; x_wconf 83' lang='lat' dir='ltr'><strong><em>LXXIX.</em></strong></span> <span class='ocrx_word' id='word_1_188' title='bbox 1448 2466 1542 2514; x_wconf 83' lang='lat' dir='ltr'><strong>pro</strong></span> 
     </span>
    </p>
   </div>
   <div class='ocr_carea' id='block_1_10' title="bbox 360 2517 1542 2591">
    <p class='ocr_par' dir='ltr' id='par_1_10' title="bbox 360 2517 1542 2591">
     <span class='ocr_line' id='line_1_27' title="bbox 360 2517 1542 2591; baseline 0.003 -17"><span class='ocrx_word' id='word_1_189' title='bbox 360 2532 365 2536; x_wconf 85' lang='grc'><strong>’</strong></span> <span class='ocrx_word' id='word_1_190' title='bbox 470 2517 795 2575; x_wconf 80' lang='lat' dir='ltr'><strong><em>LXXXIX.</em></strong></span> <span class='ocrx_word' id='word_1_191' title='bbox 821 2533 877 2575; x_wconf 88' lang='lat' dir='ltr'><strong>ut</strong></span> <span class='ocrx_word' id='word_1_192' title='bbox 900 2527 985 2589; x_wconf 76' lang='lat' dir='ltr'><strong>alii</strong></span> <span class='ocrx_word' id='word_1_193' title='bbox 1006 2527 1216 2591; x_wconf 85' lang='lat' dir='ltr'><strong>babent,</strong></span> <span class='ocrx_word' id='word_1_194' title='bbox 1234 2542 1350 2577; x_wconf 85' lang='lat' dir='ltr'><strong>cum</strong></span> <span class='ocrx_word' id='word_1_195' title='bbox 1369 2536 1542 2578; x_wconf 84' lang='lat' dir='ltr'><strong>vetus-</strong></span> 
     </span>
    </p>
   </div>
   <div class='ocr_carea' id='block_1_11' title="bbox 467 2598 1542 3878">
    <p class='ocr_par' dir='ltr' id='par_1_11' title="bbox 469 2598 1542 2817">
     <span class='ocr_line' id='line_1_28' title="bbox 473 2598 1542 2652; baseline 0.005 -5"><span class='ocrx_word' id='word_1_196' title='bbox 473 2599 541 2647; x_wconf 88' lang='lat' dir='ltr'><strong>tis</strong></span> <span class='ocrx_word' id='word_1_197' title='bbox 574 2599 696 2649; x_wconf 89' lang='lat' dir='ltr'><strong>edd.</strong></span> <span class='ocrx_word' id='word_1_198' title='bbox 731 2614 852 2648; x_wconf 91' lang='lat' dir='ltr'><strong>nam</strong></span> <span class='ocrx_word' id='word_1_199' title='bbox 887 2599 1122 2650; x_wconf 86' lang='lat' dir='ltr'><strong>Romana</strong></span> <span class='ocrx_word' id='word_1_200' title='bbox 1158 2603 1277 2650; x_wconf 70' lang='lat' dir='ltr'><strong>antri</strong></span> <span class='ocrx_word' id='word_1_201' title='bbox 1311 2598 1454 2652; x_wconf 69' lang='lat'><strong>14⁷0.</strong></span> <span class='ocrx_word' id='word_1_202' title='bbox 1485 2604 1542 2652; x_wconf 76' lang='lat' dir='ltr'><strong>in</strong></span> 
     </span>
     <span class='ocr_line' id='line_1_29' title="bbox 469 2675 1539 2740; baseline 0.006 -18"><span class='ocrx_word' id='word_1_203' title='bbox 469 2675 755 2736; x_wconf 79' lang='lat' dir='ltr'><strong>octogesima</strong></span> <span class='ocrx_word' id='word_1_204' title='bbox 774 2689 897 2723; x_wconf 76' lang='lat' dir='ltr'><strong>nona</strong></span> <span class='ocrx_word' id='word_1_205' title='bbox 915 2676 1196 2740; x_wconf 78' lang='lat' dir='ltr'><strong>Olympiade</strong></span> <span class='ocrx_word' id='word_1_206' title='bbox 1212 2675 1388 2740; x_wconf 84' lang='lat' dir='ltr'><strong>babet,</strong></span> <span class='ocrx_word' id='word_1_207' title='bbox 1401 2677 1539 2728; x_wconf 85' lang='lat' dir='ltr'><strong>aliae-</strong></span> 
     </span>
     <span class='ocr_line' id='line_1_30' title="bbox 473 2749 1449 2817; baseline 0.004 -17"><span class='ocrx_word' id='word_1_208' title='bbox 473 2767 574 2817; x_wconf 86' lang='lat' dir='ltr'><strong>que</strong></span> <span class='ocrx_word' id='word_1_209' title='bbox 601 2751 817 2802; x_wconf 65' lang='lat' dir='ltr'><strong>omnes!</strong></span> <span class='ocrx_word' id='word_1_210' title='bbox 857 2753 952 2802; x_wconf 87' lang='lat' dir='ltr'><strong>Ed.</strong></span> <span class='ocrx_word' id='word_1_211' title='bbox 973 2769 1066 2802; x_wconf 78' lang='lat' dir='ltr'><strong>sec.</strong></span> <span class='ocrx_word' id='word_1_212' title='bbox 1438 2749 1449 2761; x_wconf 81' lang='grc'><strong><em>’</em></strong></span> 
     </span>
    </p>

    <p class='ocr_par' dir='ltr' id='par_1_12' title="bbox 471 2818 1542 2965">
     <span class='ocr_line' id='line_1_31' title="bbox 537 2818 1539 2898; baseline 0.005 -22"><span class='ocrx_word' id='word_1_213' title='bbox 537 2818 552 2860; x_wconf 68' lang='lat'><strong>¹</strong></span> <span class='ocrx_word' id='word_1_214' title='bbox 582 2828 752 2877; x_wconf 80' lang='lat' dir='ltr'><strong>Artem</strong></span> <span class='ocrx_word' id='word_1_215' title='bbox 773 2828 914 2898; x_wconf 68' lang='lat' dir='ltr'><strong>ipsis]</strong></span> <span class='ocrx_word' id='word_1_216' title='bbox 947 2829 1104 2879; x_wconf 80' lang='lat' dir='ltr'><strong>Forte</strong></span> <span class='ocrx_word' id='word_1_217' title='bbox 1135 2829 1299 2895; x_wconf 72' lang='lat' dir='ltr'><strong>ipsius,</strong></span> <span class='ocrx_word' id='word_1_218' title='bbox 1322 2827 1539 2895; x_wconf 86' lang='lat' dir='ltr'><strong>Apollo·</strong></span> 
     </span>
     <span class='ocr_line' id='line_1_32' title="bbox 471 2902 1542 2965; baseline 0.013 -14"><span class='ocrx_word' id='word_1_219' title='bbox 471 2902 587 2953; x_wconf 87' lang='lat' dir='ltr'><strong>dori</strong></span> <span class='ocrx_word' id='word_1_220' title='bbox 612 2905 834 2956; x_wconf 77' lang='lat' dir='ltr'><strong>seilicet.</strong></span> <span class='ocrx_word' id='word_1_221' title='bbox 1258 2958 1283 2961; x_wconf 10' lang='grc' dir='ltr'><strong>,γ</strong></span> <span class='ocrx_word' id='word_1_222' title='bbox 1535 2954 1542 2965; x_wconf 87' lang='grc'><strong>.</strong></span> 
     </span>
    </p>

    <p class='ocr_par' dir='ltr' id='par_1_13' title="bbox 467 2972 1541 3878">
     <span class='ocr_line' id='line_1_33' title="bbox 531 2972 1540 3048; baseline 0.005 -20"><span class='ocrx_word' id='word_1_223' title='bbox 531 2978 549 3023; x_wconf 76' lang='lat' dir='ltr'>J</span> <span class='ocrx_word' id='word_1_224' title='bbox 583 2977 648 3029; x_wconf 78' lang='lat' dir='ltr'><strong>In</strong></span> <span class='ocrx_word' id='word_1_225' title='bbox 698 2978 952 3044; x_wconf 77' lang='lat' dir='ltr'><strong>palliorum</strong></span> <span class='ocrx_word' id='word_1_226' title='bbox 1011 2983 1221 3048; x_wconf 68' lang='lat' dir='ltr'><strong>tesseris]</strong></span> <span class='ocrx_word' id='word_1_227' title='bbox 1291 2972 1540 3034; x_wconf 72' lang='lat' dir='ltr'><strong>Tesseras</strong></span> 
     </span>
     <span class='ocr_line' id='line_1_34' title="bbox 472 3056 1541 3124; baseline 0.006 -19"><span class='ocrx_word' id='word_1_228' title='bbox 472 3056 765 3107; x_wconf 79' lang='lat' dir='ltr'><strong>Gronovius</strong></span> <span class='ocrx_word' id='word_1_229' title='bbox 788 3058 1041 3122; x_wconf 86' lang='lat' dir='ltr'><strong>intelligit</strong></span> <span class='ocrx_word' id='word_1_230' title='bbox 1063 3068 1228 3118; x_wconf 86' lang='lat' dir='ltr'><strong>notas,</strong></span> <span class='ocrx_word' id='word_1_231' title='bbox 1260 3067 1316 3110; x_wconf 90' lang='lat' dir='ltr'><strong>et</strong></span> <span class='ocrx_word' id='word_1_232' title='bbox 1339 3061 1541 3124; x_wconf 88' lang='lat' dir='ltr'><strong>titulos,</strong></span> 
     </span>
     <span class='ocr_line' id='line_1_35' title="bbox 470 3131 1540 3197; baseline 0.007 -18"><span class='ocrx_word' id='word_1_233' title='bbox 470 3131 658 3197; x_wconf 87' lang='lat' dir='ltr'><strong>quibus</strong></span> <span class='ocrx_word' id='word_1_234' title='bbox 703 3132 939 3183; x_wconf 89' lang='lat' dir='ltr'><strong>dominus</strong></span> <span class='ocrx_word' id='word_1_235' title='bbox 976 3136 1205 3186; x_wconf 82' lang='lat' dir='ltr'><strong>noscitur</strong></span> <span class='ocrx_word' id='word_1_236' title='bbox 1237 3153 1251 3185; x_wconf 69' lang='grc' dir='ltr'>ς</span> <span class='ocrx_word' id='word_1_237' title='bbox 1311 3142 1367 3185; x_wconf 90' lang='lat' dir='ltr'><strong>ut</strong></span> <span class='ocrx_word' id='word_1_238' title='bbox 1402 3150 1540 3186; x_wconf 81' lang='lat' dir='ltr'><strong>nunc</strong></span> 
     </span>
     <span class='ocr_line' id='line_1_36' title="bbox 471 3203 1538 3276; baseline 0.007 -22"><span class='ocrx_word' id='word_1_239' title='bbox 471 3222 673 3272; x_wconf 86' lang='lat' dir='ltr'><strong>quoque</strong></span> <span class='ocrx_word' id='word_1_240' title='bbox 699 3207 751 3257; x_wconf 90' lang='lat' dir='ltr'><strong>in</strong></span> <span class='ocrx_word' id='word_1_241' title='bbox 776 3209 1013 3265; x_wconf 84' lang='lat' dir='ltr'><strong>sudariis,</strong></span> <span class='ocrx_word' id='word_1_242' title='bbox 1039 3203 1274 3268; x_wconf 85' lang='lat' dir='ltr'><strong>indusiis‚</strong></span> <span class='ocrx_word' id='word_1_243' title='bbox 1309 3215 1538 3276; x_wconf 86' lang='lat' dir='ltr'><strong>mappis·</strong></span> 
     </span>
     <span class='ocr_line' id='line_1_37' title="bbox 469 3285 1540 3351; baseline 0.007 -20"><span class='ocrx_word' id='word_1_244' title='bbox 469 3297 591 3346; x_wconf 84' lang='lat' dir='ltr'><strong>que.</strong></span> <span class='ocrx_word' id='word_1_245' title='bbox 638 3285 846 3333; x_wconf 88' lang='lat' dir='ltr'><strong>nomina</strong></span> <span class='ocrx_word' id='word_1_246' title='bbox 877 3287 1253 3348; x_wconf 77' lang='lat' dir='ltr'><strong>possidentium</strong></span> <span class='ocrx_word' id='word_1_247' title='bbox 1280 3289 1456 3351; x_wconf 86' lang='lat' dir='ltr'><strong>primis</strong></span> <span class='ocrx_word' id='word_1_248' title='bbox 1481 3291 1540 3339; x_wconf 90' lang='lat' dir='ltr'><strong>li-</strong></span> 
     </span>
     <span class='ocr_line' id='line_1_38' title="bbox 472 3358 1537 3428; baseline 0.009 -23"><span class='ocrx_word' id='word_1_249' title='bbox 472 3358 599 3406; x_wconf 82' lang='lat' dir='ltr'><strong>teris</strong></span> <span class='ocrx_word' id='word_1_250' title='bbox 635 3374 733 3407; x_wconf 91' lang='lat' dir='ltr'><strong>acu</strong></span> <span class='ocrx_word' id='word_1_251' title='bbox 770 3367 826 3408; x_wconf 89' lang='lat' dir='ltr'><strong>et</strong></span> <span class='ocrx_word' id='word_1_252' title='bbox 861 3362 962 3409; x_wconf 84' lang='lat' dir='ltr'><strong>alio</strong></span> <span class='ocrx_word' id='word_1_253' title='bbox 1018 3363 1193 3412; x_wconf 86' lang='lat' dir='ltr'><strong>colore</strong></span> <span class='ocrx_word' id='word_1_254' title='bbox 1234 3363 1537 3428; x_wconf 85' lang='lat' dir='ltr'><strong>pinguntur.</strong></span> 
     </span>
     <span class='ocr_line' id='line_1_39' title="bbox 471 3426 1536 3503; baseline 0.007 -20"><span class='ocrx_word' id='word_1_255' title='bbox 471 3434 683 3483; x_wconf 84' lang='lat' dir='ltr'><strong>Flavius</strong></span> <span class='ocrx_word' id='word_1_256' title='bbox 699 3426 958 3498; x_wconf 86' lang='lat' dir='ltr'><strong>‘Vopiscus</strong></span> <span class='ocrx_word' id='word_1_257' title='bbox 983 3436 1034 3484; x_wconf 83' lang='lat' dir='ltr'><strong>in</strong></span> <span class='ocrx_word' id='word_1_258' title='bbox 1052 3437 1263 3501; x_wconf 86' lang='lat' dir='ltr'><strong>Carino,</strong></span> <span class='ocrx_word' id='word_1_259' title='bbox 1286 3453 1403 3503; x_wconf 84' lang='lat' dir='ltr'><strong>pag.</strong></span> <span class='ocrx_word' id='word_1_260' title='bbox 1421 3443 1536 3491; x_wconf 78' lang='lat'>254.</span> 
     </span>
     <span class='ocr_line' id='line_1_40' title="bbox 467 3508 1537 3575; baseline 0.004 -16"><span class='ocrx_word' id='word_1_261' title='bbox 467 3510 484 3538; x_wconf 90' lang='lat'>‘</span> <span class='ocrx_word' id='word_1_262' title='bbox 504 3508 692 3559; x_wconf 80' lang='lat' dir='ltr'><strong>Matris</strong></span> <span class='ocrx_word' id='word_1_263' title='bbox 718 3511 944 3561; x_wconf 78' lang='lat' dir='ltr'><strong>tunicam</strong></span> <span class='ocrx_word' id='word_1_264' title='bbox 967 3512 1117 3562; x_wconf 86' lang='lat' dir='ltr'><strong>dedit</strong></span> <span class='ocrx_word' id='word_1_265' title='bbox 1155 3513 1343 3575; x_wconf 82' lang='lat' dir='ltr'><strong>mimae,</strong></span> <span class='ocrx_word' id='word_1_266' title='bbox 1375 3513 1537 3563; x_wconf 86' lang='lat' dir='ltr'><strong>lacer-</strong></span> 
     </span>
     <span class='ocr_line' id='line_1_41' title="bbox 470 3586 1537 3653; baseline 0.005 -18"><span class='ocrx_word' id='word_1_267' title='bbox 470 3590 590 3636; x_wconf 84' lang='lat' dir='ltr'><strong>nam</strong></span> <span class='ocrx_word' id='word_1_268' title='bbox 607 3586 774 3649; x_wconf 86' lang='lat' dir='ltr'><strong>patris</strong></span> <span class='ocrx_word' id='word_1_269' title='bbox 794 3588 948 3636; x_wconf 89' lang='lat' dir='ltr'><strong>mimo</strong></span> <span class='ocrx_word' id='word_1_270' title='bbox 971 3621 986 3637; x_wconf 89' lang='lat'><strong>.</strong></span> <span class='ocrx_word' id='word_1_271' title='bbox 1012 3622 1026 3638; x_wconf 90' lang='lat'><strong>.</strong></span> <span class='ocrx_word' id='word_1_272' title='bbox 1049 3624 1064 3639; x_wconf 89' lang='lat'><strong>.</strong></span> <span class='ocrx_word' id='word_1_273' title='bbox 1086 3623 1101 3638; x_wconf 94' lang='lat'><strong>.</strong></span> <span class='ocrx_word' id='word_1_274' title='bbox 1117 3589 1433 3653; x_wconf 83' lang='lat' dir='ltr'><strong>Inscriptnm</strong></span> <span class='ocrx_word' id='word_1_275' title='bbox 1452 3596 1537 3640; x_wconf 85' lang='lat' dir='ltr'><strong>est</strong></span> 
     </span>
     <span class='ocr_line' id='line_1_42' title="bbox 471 3661 1535 3730; baseline 0.005 -19"><span class='ocrx_word' id='word_1_276' title='bbox 471 3661 641 3712; x_wconf 87' lang='lat' dir='ltr'><strong>adhuc</strong></span> <span class='ocrx_word' id='word_1_277' title='bbox 666 3663 718 3711; x_wconf 91' lang='lat' dir='ltr'><strong>in</strong></span> <span class='ocrx_word' id='word_1_278' title='bbox 736 3663 994 3713; x_wconf 83' lang='lat' dir='ltr'><strong>choraulae</strong></span> <span class='ocrx_word' id='word_1_279' title='bbox 1012 3665 1169 3728; x_wconf 88' lang='lat' dir='ltr'><strong>pallio</strong></span> <span class='ocrx_word' id='word_1_280' title='bbox 1181 3666 1535 3730; x_wconf 74' lang='lat' dir='ltr'><strong>Tyn-ianthino,</strong></span> 
     </span>
     <span class='ocr_line' id='line_1_43' title="bbox 470 3738 1536 3804; baseline 0.006 -18"><span class='ocrx_word' id='word_1_281' title='bbox 470 3738 598 3803; x_wconf 78' lang='lat' dir='ltr'><strong>(quo</strong></span> <span class='ocrx_word' id='word_1_282' title='bbox 621 3739 708 3788; x_wconf 89' lang='lat' dir='ltr'><strong>ille</strong></span> <span class='ocrx_word' id='word_1_283' title='bbox 748 3739 889 3790; x_wconf 82' lang='lat' dir='ltr'><strong>velut</strong></span> <span class='ocrx_word' id='word_1_284' title='bbox 921 3741 1086 3804; x_wconf 85' lang='lat' dir='ltr'><strong>spolio</strong></span> <span class='ocrx_word' id='word_1_285' title='bbox 1122 3742 1410 3792; x_wconf 78' lang='lat' dir='ltr'><strong>nobilitatis</strong></span> <span class='ocrx_word' id='word_1_286' title='bbox 1446 3759 1536 3792; x_wconf 84' lang='lat' dir='ltr'><strong>ex·</strong></span> 
     </span>
     <span class='ocr_line' id='line_1_44' title="bbox 470 3813 1538 3878; baseline 0.007 -16"><span class='ocrx_word' id='word_1_287' title='bbox 470 3813 635 3878; x_wconf 86' lang='lat' dir='ltr'><strong>uitat)</strong></span> <span class='ocrx_word' id='word_1_288' title='bbox 672 3815 908 3871; x_wconf 74' lang='lat' dir='ltr'><strong>Messalae</strong></span> <span class='ocrx_word' id='word_1_289' title='bbox 934 3831 1153 3873; x_wconf 42' lang='lat' dir='ltr'><strong>*nomen</strong></span> <span class='ocrx_word' id='word_1_290' title='bbox 1212 3826 1266 3868; x_wconf 82' lang='lat' dir='ltr'><strong>et</strong></span> <span class='ocrx_word' id='word_1_291' title='bbox 1321 3819 1538 3869; x_wconf 60' lang='lat' dir='ltr'><strong>uxoris!</strong></span> 
     </span>
    </p>
   </div>
   <div class='ocr_carea' id='block_1_12' title="bbox 473 3891 1576 3958">
    <p class='ocr_par' dir='ltr' id='par_1_14' title="bbox 473 3891 1576 3958">
     <span class='ocr_line' id='line_1_45' title="bbox 473 3891 1576 3958; baseline 0.011 -20"><span class='ocrx_word' id='word_1_292' title='bbox 473 3891 677 3955; x_wconf 81' lang='lat' dir='ltr'><strong>Laudat</strong></span> <span class='ocrx_word' id='word_1_293' title='bbox 701 3892 834 3943; x_wconf 87' lang='lat' dir='ltr'><strong>hunc</strong></span> <span class='ocrx_word' id='word_1_294' title='bbox 848 3895 1062 3958; x_wconf 82' lang='lat' dir='ltr'><strong>Vopisci</strong></span> <span class='ocrx_word' id='word_1_295' title='bbox 1081 3897 1249 3946; x_wconf 87' lang='lat' dir='ltr'><strong>locum</strong></span> <span class='ocrx_word' id='word_1_296' title='bbox 1270 3898 1537 3950; x_wconf 73' lang='lat' dir='ltr'><strong>Rubenius</strong></span> <span class='ocrx_word' id='word_1_297' title='bbox 1573 3918 1576 3921; x_wconf 94' lang='lat'>·</span> 
     </span>
    </p>
   </div>
   <div class='ocr_carea' id='block_1_13' title="bbox 471 3968 1536 4264">
    <p class='ocr_par' dir='ltr' id='par_1_15' title="bbox 471 3968 1536 4264">
     <span class='ocr_line' id='line_1_46' title="bbox 471 3968 1536 4043; baseline 0.008 -27"><span class='ocrx_word' id='word_1_298' title='bbox 471 3968 539 4016; x_wconf 87' lang='lat' dir='ltr'><strong>de</strong></span> <span class='ocrx_word' id='word_1_299' title='bbox 566 3968 642 4016; x_wconf 88' lang='lat' dir='ltr'><strong>Re</strong></span> <span class='ocrx_word' id='word_1_300' title='bbox 666 3968 814 4017; x_wconf 85' lang='lat' dir='ltr'><strong>Vest.</strong></span> <span class='ocrx_word' id='word_1_301' title='bbox 843 3984 881 4019; x_wconf 85' lang='lat'><strong>1.</strong></span> <span class='ocrx_word' id='word_1_302' title='bbox 924 3974 1002 4021; x_wconf 84' lang='lat' dir='ltr'><strong>lo.</strong></span> <span class='ocrx_word' id='word_1_303' title='bbox 1070 3973 1172 4021; x_wconf 88' lang='lat' dir='ltr'><strong>Sed</strong></span> <span class='ocrx_word' id='word_1_304' title='bbox 1200 3981 1421 4022; x_wconf 75' lang='lat' dir='ltr'><strong>tesseras</strong></span> <span class='ocrx_word' id='word_1_305' title='bbox 1446 3974 1536 4043; x_wconf 80' lang='lat' dir='ltr'><strong>ille</strong></span> 
     </span>
     <span class='ocr_line' id='line_1_47' title="bbox 473 4044 1536 4112; baseline 0.005 -18"><span class='ocrx_word' id='word_1_306' title='bbox 473 4044 760 4094; x_wconf 78' lang='lat' dir='ltr'><strong>arbitratur</strong></span> <span class='ocrx_word' id='word_1_307' title='bbox 825 4060 936 4096; x_wconf 82' lang='lat' dir='ltr'><strong>esse</strong></span> <span class='ocrx_word' id='word_1_308' title='bbox 977 4049 1255 4112; x_wconf 86' lang='lat' dir='ltr'><strong>quadratas</strong></span> <span class='ocrx_word' id='word_1_309' title='bbox 1316 4049 1536 4100; x_wconf 83' lang='lat' dir='ltr'><strong>tabellas</strong></span> 
     </span>
     <span class='ocr_line' id='line_1_48' title="bbox 471 4120 1532 4191; baseline 0.005 -21"><span class='ocrx_word' id='word_1_310' title='bbox 471 4120 643 4185; x_wconf 72' lang='lat' dir='ltr'><strong>palliis</strong></span> <span class='ocrx_word' id='word_1_311' title='bbox 689 4122 934 4180; x_wconf 84' lang='lat' dir='ltr'><strong>intextas,</strong></span> <span class='ocrx_word' id='word_1_312' title='bbox 972 4123 1158 4187; x_wconf 85' lang='lat' dir='ltr'><strong>quibus</strong></span> <span class='ocrx_word' id='word_1_313' title='bbox 1192 4125 1380 4182; x_wconf 81' lang='lat' dir='ltr'><strong>literae‚</strong></span> <span class='ocrx_word' id='word_1_314' title='bbox 1417 4141 1532 4191; x_wconf 82' lang='lat' dir='ltr'><strong>quae</strong></span> 
     </span>
     <span class='ocr_line' id='line_1_49' title="bbox 472 4189 1534 4264; baseline 0.007 -19"><span class='ocrx_word' id='word_1_315' title='bbox 472 4210 659 4246; x_wconf 83' lang='lat' dir='ltr'><strong>nomen</strong></span> <span class='ocrx_word' id='word_1_316' title='bbox 703 4189 897 4248; x_wconf 80' lang='lat' dir='ltr'><strong>domini</strong></span> <span class='ocrx_word' id='word_1_317' title='bbox 934 4199 1210 4264; x_wconf 82' lang='lat' dir='ltr'><strong>referrent,</strong></span> <span class='ocrx_word' id='word_1_318' title='bbox 1245 4208 1423 4253; x_wconf 87' lang='lat' dir='ltr'><strong>essent</strong></span> <span class='ocrx_word' id='word_1_319' title='bbox 1456 4203 1534 4252; x_wconf 90' lang='lat' dir='ltr'><strong>in·</strong></span> 
     </span>
    </p>
   </div>
   <div class='ocr_carea' id='block_1_14' title="bbox 1608 2369 2746 4181">
    <p class='ocr_par' dir='ltr' id='par_1_16' title="bbox 1609 2369 2746 3346">
     <span class='ocr_line' id='line_1_50' title="bbox 1615 2369 2679 2436; baseline -0.006 -14"><span class='ocrx_word' id='word_1_320' title='bbox 1615 2373 1788 2422; x_wconf 83' lang='lat' dir='ltr'><strong>Leone</strong></span> <span class='ocrx_word' id='word_1_321' title='bbox 1811 2387 1889 2422; x_wconf 80' lang='lat' dir='ltr'><strong>w.</strong></span> <span class='ocrx_word' id='word_1_322' title='bbox 1923 2370 2126 2436; x_wconf 84' lang='lat' dir='ltr'><strong>‘Atque</strong></span> <span class='ocrx_word' id='word_1_323' title='bbox 2143 2383 2303 2433; x_wconf 86' lang='lat' dir='ltr'><strong>super</strong></span> <span class='ocrx_word' id='word_1_324' title='bbox 2322 2369 2491 2432; x_wconf 87' lang='lat' dir='ltr'><strong>ipsum</strong></span> <span class='ocrx_word' id='word_1_325' title='bbox 2516 2369 2679 2417; x_wconf 87' lang='lat' dir='ltr'><strong>altare</strong></span> 
     </span>
     <span class='ocr_line' id='line_1_51' title="bbox 1614 2444 2746 2509; baseline -0.004 -14"><span class='ocrx_word' id='word_1_326' title='bbox 1614 2445 1744 2498; x_wconf 82' lang='lat' dir='ltr'><strong>fecit</strong></span> <span class='ocrx_word' id='word_1_327' title='bbox 1788 2454 1984 2498; x_wconf 79' lang='lat' dir='ltr'><strong>vestem</strong></span> <span class='ocrx_word' id='word_1_328' title='bbox 2021 2461 2148 2497; x_wconf 78' lang='lat' dir='ltr'><strong>auro</strong></span> <span class='ocrx_word' id='word_1_329' title='bbox 2187 2451 2408 2507; x_wconf 84' lang='lat' dir='ltr'><strong>textam,</strong></span> <span class='ocrx_word' id='word_1_330' title='bbox 2441 2444 2677 2501; x_wconf 86' lang='lat' dir='ltr'><strong>candidis</strong></span> <span class='ocrx_word' id='word_1_331' title='bbox 2738 2505 2746 2509; x_wconf 58' lang='lat'><strong><em>„</em></strong></span> 
     </span>
     <span class='ocr_line' id='line_1_52' title="bbox 1614 2520 2682 2588; baseline -0.002 -15"><span class='ocrx_word' id='word_1_332' title='bbox 1614 2538 1707 2588; x_wconf 87' lang='lat' dir='ltr'><strong>per</strong></span> <span class='ocrx_word' id='word_1_333' title='bbox 1744 2532 1909 2574; x_wconf 87' lang='lat' dir='ltr'><strong>totum</strong></span> <span class='ocrx_word' id='word_1_334' title='bbox 1948 2523 2242 2587; x_wconf 80' lang='lat' dir='ltr'><strong>margaritis</strong></span> <span class='ocrx_word' id='word_1_335' title='bbox 2280 2520 2589 2585; x_wconf 81' lang='lat' dir='ltr'><strong>fulgentem,</strong></span> <span class='ocrx_word' id='word_1_336' title='bbox 2628 2529 2682 2571; x_wconf 88' lang='lat' dir='ltr'><strong>et</strong></span> 
     </span>
     <span class='ocr_line' id='line_1_53' title="bbox 1615 2599 2679 2666; baseline -0.005 -16"><span class='ocrx_word' id='word_1_337' title='bbox 1615 2600 1668 2650; x_wconf 90' lang='lat' dir='ltr'><strong>in</strong></span> <span class='ocrx_word' id='word_1_338' title='bbox 1691 2601 1879 2652; x_wconf 85' lang='lat' dir='ltr'><strong>dextra</strong></span> <span class='ocrx_word' id='word_1_339' title='bbox 1909 2602 2141 2666; x_wconf 81' lang='lat' dir='ltr'><strong>laevaque</strong></span> <span class='ocrx_word' id='word_1_340' title='bbox 2166 2599 2369 2649; x_wconf 83' lang='lat' dir='ltr'><strong>tabulas</strong></span> <span class='ocrx_word' id='word_1_341' title='bbox 2393 2604 2679 2662; x_wconf 84' lang='lat' dir='ltr'><strong>gemmatas</strong></span> 
     </span>
     <span class='ocr_line' id='line_1_54' title="bbox 1614 2674 2678 2741; baseline -0.001 -17"><span class='ocrx_word' id='word_1_342' title='bbox 1614 2677 1912 2741; x_wconf 79' lang='lat' dir='ltr'><strong>habentem,</strong></span> <span class='ocrx_word' id='word_1_343' title='bbox 1958 2693 2073 2727; x_wconf 90' lang='lat' dir='ltr'><strong>cum</strong></span> <span class='ocrx_word' id='word_1_344' title='bbox 2119 2675 2290 2725; x_wconf 81' lang='lat' dir='ltr'><strong>aureis</strong></span> <span class='ocrx_word' id='word_1_345' title='bbox 2342 2689 2437 2738; x_wconf 88' lang='lat' dir='ltr'><strong>per</strong></span> <span class='ocrx_word' id='word_1_346' title='bbox 2495 2674 2678 2723; x_wconf 87' lang='lat' dir='ltr'><strong>circui-</strong></span> 
     </span>
     <span class='ocr_line' id='line_1_55' title="bbox 1617 2749 2676 2817; baseline -0.003 -17"><span class='ocrx_word' id='word_1_347' title='bbox 1617 2762 1725 2803; x_wconf 83' lang='lat' dir='ltr'><strong>tum</strong></span> <span class='ocrx_word' id='word_1_348' title='bbox 1760 2753 2025 2814; x_wconf 81' lang='lat' dir='ltr'><strong>orbiculis,</strong></span> <span class='ocrx_word' id='word_1_349' title='bbox 2066 2753 2251 2817; x_wconf 89' lang='lat' dir='ltr'><strong>quibus</strong></span> <span class='ocrx_word' id='word_1_350' title='bbox 2284 2750 2484 2812; x_wconf 81' lang='lat' dir='ltr'><strong>insigne</strong></span> <span class='ocrx_word' id='word_1_351' title='bbox 2515 2749 2676 2813; x_wconf 88' lang='lat' dir='ltr'><strong>ipsius</strong></span> 
     </span>
     <span class='ocr_line' id='line_1_56' title="bbox 1615 2822 2679 2888; baseline -0.004 -11"><span class='ocrx_word' id='word_1_352' title='bbox 1615 2829 1857 2878; x_wconf 78' lang='lat' dir='ltr'><strong>Praesulis</strong></span> <span class='ocrx_word' id='word_1_353' title='bbox 1882 2842 2066 2877; x_wconf 87' lang='lat' dir='ltr'><strong>nomen</strong></span> <span class='ocrx_word' id='word_1_354' title='bbox 2089 2834 2169 2875; x_wconf 87' lang='lat' dir='ltr'><strong>est</strong></span> <span class='ocrx_word' id='word_1_355' title='bbox 2191 2822 2549 2888; x_wconf 63' lang='lat' dir='ltr'><strong>descriptum!</strong></span> <span class='ocrx_word' id='word_1_356' title='bbox 2593 2825 2679 2873; x_wconf 86' lang='lat' dir='ltr'><strong>Sic</strong></span> 
     </span>
     <span class='ocr_line' id='line_1_57' title="bbox 1615 2900 2679 2965; baseline -0.002 -15"><span class='ocrx_word' id='word_1_357' title='bbox 1615 2904 1849 2965; x_wconf 81' lang='lat' dir='ltr'><strong>vestibus</strong></span> <span class='ocrx_word' id='word_1_358' title='bbox 1902 2902 2066 2952; x_wconf 78' lang='lat' dir='ltr'><strong>sacris</strong></span> <span class='ocrx_word' id='word_1_359' title='bbox 2108 2902 2364 2963; x_wconf 85' lang='lat' dir='ltr'><strong>hodieque</strong></span> <span class='ocrx_word' id='word_1_360' title='bbox 2398 2900 2679 2963; x_wconf 80' lang='lat' dir='ltr'><strong>gentilitias</strong></span> 
     </span>
     <span class='ocr_line' id='line_1_58' title="bbox 1615 2975 2675 3029; baseline -0.006 -1"><span class='ocrx_word' id='word_1_361' title='bbox 1615 2986 1841 3029; x_wconf 79' lang='lat' dir='ltr'><strong>tesseras</strong></span> <span class='ocrx_word' id='word_1_362' title='bbox 1886 2980 2115 3029; x_wconf 80' lang='lat' dir='ltr'><strong>intextas</strong></span> <span class='ocrx_word' id='word_1_363' title='bbox 2155 2976 2431 3026; x_wconf 87' lang='lat' dir='ltr'><strong>cernimus.</strong></span> <span class='ocrx_word' id='word_1_364' title='bbox 2499 2975 2589 3024; x_wconf 87' lang='lat' dir='ltr'><strong>Sic</strong></span> <span class='ocrx_word' id='word_1_365' title='bbox 2624 2977 2675 3023; x_wconf 91' lang='lat' dir='ltr'><strong>in</strong></span> 
     </span>
     <span class='ocr_line' id='line_1_59' title="bbox 1614 3055 2676 3121; baseline -0.008 -15"><span class='ocrx_word' id='word_1_366' title='bbox 1614 3057 1783 3120; x_wconf 81' lang='lat' dir='ltr'><strong>palliis</strong></span> <span class='ocrx_word' id='word_1_367' title='bbox 1807 3055 2056 3121; x_wconf 85' lang='lat' dir='ltr'><strong>Equitum</strong></span> <span class='ocrx_word' id='word_1_368' title='bbox 2076 3055 2447 3117; x_wconf 75' lang='lat' dir='ltr'><strong>Torquatorum</strong></span> <span class='ocrx_word' id='word_1_369' title='bbox 2475 3057 2676 3099; x_wconf 87' lang='lat' dir='ltr'><strong>textum</strong></span> 
     </span>
     <span class='ocr_line' id='line_1_60' title="bbox 1613 3126 2678 3196; baseline -0.008 -14"><span class='ocrx_word' id='word_1_370' title='bbox 1613 3146 1773 3196; x_wconf 88' lang='lat' dir='ltr'><strong>opere</strong></span> <span class='ocrx_word' id='word_1_371' title='bbox 1818 3132 2049 3196; x_wconf 83' lang='lat' dir='ltr'><strong>Phrygio</strong></span> <span class='ocrx_word' id='word_1_372' title='bbox 2085 3128 2300 3179; x_wconf 84' lang='lat' dir='ltr'><strong>Ordinis</strong></span> <span class='ocrx_word' id='word_1_373' title='bbox 2340 3126 2421 3176; x_wconf 87' lang='lat' dir='ltr'><strong>sui</strong></span> <span class='ocrx_word' id='word_1_374' title='bbox 2463 3127 2678 3188; x_wconf 79' lang='lat' dir='ltr'><strong>insigne.</strong></span> 
     </span>
     <span class='ocr_line' id='line_1_61' title="bbox 1615 3203 2680 3272; baseline -0.007 -15"><span class='ocrx_word' id='word_1_375' title='bbox 1615 3209 1679 3258; x_wconf 91' lang='lat' dir='ltr'><strong>In</strong></span> <span class='ocrx_word' id='word_1_376' title='bbox 1705 3208 1835 3272; x_wconf 82' lang='lat' dir='ltr'><strong>Reg.</strong></span> <span class='ocrx_word' id='word_1_377' title='bbox 1871 3213 1921 3258; x_wconf 83' lang='lat'><strong>2.</strong></span> <span class='ocrx_word' id='word_1_378' title='bbox 1957 3206 2072 3258; x_wconf 86' lang='lat' dir='ltr'><strong>cod.</strong></span> <span class='ocrx_word' id='word_1_379' title='bbox 2117 3205 2170 3253; x_wconf 80' lang='lat' dir='ltr'><strong>in</strong></span> <span class='ocrx_word' id='word_1_380' title='bbox 2199 3203 2451 3267; x_wconf 79' lang='lat' dir='ltr'><strong>palliorum</strong></span> <span class='ocrx_word' id='word_1_381' title='bbox 2492 3203 2680 3252; x_wconf 77' lang='lat' dir='ltr'><strong>tesseris</strong></span> 
     </span>
     <span class='ocr_line' id='line_1_62' title="bbox 1609 3286 2224 3346; baseline 0.002 -13"><span class='ocrx_word' id='word_1_382' title='bbox 1609 3286 1869 3336; x_wconf 79' lang='lat' dir='ltr'><strong>insertum.</strong></span> <span class='ocrx_word' id='word_1_383' title='bbox 2222 3343 2224 3346; x_wconf 8' lang='grc' dir='ltr'><em>Α</em></span> 
     </span>
    </p>

    <p class='ocr_par' dir='ltr' id='par_1_17' title="bbox 1610 3359 2716 3654">
     <span class='ocr_line' id='line_1_63' title="bbox 1676 3359 2678 3422; baseline -0.008 -9"><span class='ocrx_word' id='word_1_384' title='bbox 1676 3361 1700 3395; x_wconf 78' lang='lat'><strong>¹¹</strong></span> <span class='ocrx_word' id='word_1_385' title='bbox 1737 3363 1876 3418; x_wconf 82' lang='lat' dir='ltr'><strong>Quod</strong></span> <span class='ocrx_word' id='word_1_386' title='bbox 1896 3376 1951 3411; x_wconf 82' lang='lat' dir='ltr'><strong>ea</strong></span> <span class='ocrx_word' id='word_1_387' title='bbox 1972 3362 2099 3410; x_wconf 80' lang='lat' dir='ltr'><strong>nullo</strong></span> <span class='ocrx_word' id='word_1_388' title='bbox 2120 3359 2265 3422; x_wconf 77' lang='lat' dir='ltr'><strong>satis]</strong></span> <span class='ocrx_word' id='word_1_389' title='bbox 2278 3359 2428 3421; x_wconf 90' lang='lat' dir='ltr'><strong>Cum,</strong></span> <span class='ocrx_word' id='word_1_390' title='bbox 2450 3364 2513 3407; x_wconf 86' lang='lat' dir='ltr'><strong>ut</strong></span> <span class='ocrx_word' id='word_1_391' title='bbox 2536 3364 2678 3407; x_wconf 85' lang='lat' dir='ltr'><strong>recte</strong></span> 
     </span>
     <span class='ocr_line' id='line_1_64' title="bbox 1611 3434 2716 3499; baseline -0.01 -9"><span class='ocrx_word' id='word_1_392' title='bbox 1611 3437 1964 3490; x_wconf 80' lang='lat' dir='ltr'><strong>Quintilianus</strong></span> <span class='ocrx_word' id='word_1_393' title='bbox 1990 3451 2098 3486; x_wconf 77' lang='lat' dir='ltr'><strong>xu-</strong></span> <span class='ocrx_word' id='word_1_394' title='bbox 2130 3441 2179 3487; x_wconf 83' lang='grc'><strong>7.</strong></span> <span class='ocrx_word' id='word_1_395' title='bbox 2214 3449 2334 3499; x_wconf 84' lang='lat' dir='ltr'><strong>pag.</strong></span> <span class='ocrx_word' id='word_1_396' title='bbox 2365 3438 2483 3483; x_wconf 79' lang='lat'><strong>883.</strong></span> <span class='ocrx_word' id='word_1_397' title='bbox 2520 3434 2536 3461; x_wconf 87' lang='lat'>‘</span> <span class='ocrx_word' id='word_1_398' title='bbox 2556 3435 2675 3483; x_wconf 87' lang='lat' dir='ltr'><strong>Ple-</strong></span> <span class='ocrx_word' id='word_1_399' title='bbox 2713 3476 2716 3479; x_wconf 90' lang='lat'>.</span> 
     </span>
     <span class='ocr_line' id='line_1_65' title="bbox 1611 3510 2678 3578; baseline -0.003 -17"><span class='ocrx_word' id='word_1_400' title='bbox 1611 3527 1771 3577; x_wconf 82' lang='lat' dir='ltr'><strong>raque</strong></span> <span class='ocrx_word' id='word_1_401' title='bbox 1804 3513 1903 3563; x_wconf 83' lang='lat' dir='ltr'><strong>hoc</strong></span> <span class='ocrx_word' id='word_1_402' title='bbox 1938 3515 2052 3578; x_wconf 83' lang='lat' dir='ltr'><strong>ipso</strong></span> <span class='ocrx_word' id='word_1_403' title='bbox 2090 3513 2291 3576; x_wconf 85' lang='lat' dir='ltr'><strong>possint</strong></span> <span class='ocrx_word' id='word_1_404' title='bbox 2334 3510 2501 3560; x_wconf 81' lang='lat' dir='ltr'><strong>videri</strong></span> <span class='ocrx_word' id='word_1_405' title='bbox 2539 3510 2678 3571; x_wconf 80' lang='lat' dir='ltr'><strong>vilia,</strong></span> 
     </span>
     <span class='ocr_line' id='line_1_66' title="bbox 1610 3586 2251 3654; baseline 0 -17"><span class='ocrx_word' id='word_1_406' title='bbox 1610 3588 1747 3654; x_wconf 86' lang='lat' dir='ltr'><strong>quod</strong></span> <span class='ocrx_word' id='word_1_407' title='bbox 1774 3589 1994 3652; x_wconf 85' lang='lat' dir='ltr'><strong>pretium</strong></span> <span class='ocrx_word' id='word_1_408' title='bbox 2017 3586 2251 3639; x_wconf 60' lang='lat' dir='ltr'><strong>habent!</strong></span> 
     </span>
    </p>

    <p class='ocr_par' dir='ltr' id='par_1_18' title="bbox 1608 3660 2688 4181">
     <span class='ocr_line' id='line_1_67' title="bbox 1674 3660 2676 3726; baseline -0.003 -12"><span class='ocrx_word' id='word_1_409' title='bbox 1674 3660 1689 3697; x_wconf 91' lang='lat'><strong>¹</strong></span> <span class='ocrx_word' id='word_1_410' title='bbox 1717 3665 1994 3714; x_wconf 77' lang='lat' dir='ltr'><strong>Alcmenam</strong></span> <span class='ocrx_word' id='word_1_411' title='bbox 2034 3661 2374 3726; x_wconf 65' lang='lat' dir='ltr'><strong>Agrigentinis</strong></span> <span class='ocrx_word' id='word_1_412' title='bbox 2393 3660 2676 3724; x_wconf 77' lang='lat' dir='ltr'><strong>[Agragan-</strong></span> 
     </span>
     <span class='ocr_line' id='line_1_68' title="bbox 1610 3738 2688 3803; baseline -0.002 -15"><span class='ocrx_word' id='word_1_413' title='bbox 1610 3739 1752 3803; x_wconf 76' lang='lat' dir='ltr'><strong>tinis]</strong></span> <span class='ocrx_word' id='word_1_414' title='bbox 1783 3741 1870 3790; x_wconf 88' lang='lat' dir='ltr'><strong>Sic</strong></span> <span class='ocrx_word' id='word_1_415' title='bbox 1893 3754 2069 3790; x_wconf 87' lang='lat' dir='ltr'><strong>omnes</strong></span> <span class='ocrx_word' id='word_1_416' title='bbox 2109 3740 2239 3788; x_wconf 87' lang='lat' dir='ltr'><strong>Mss.</strong></span> <span class='ocrx_word' id='word_1_417' title='bbox 2261 3752 2364 3787; x_wconf 90' lang='lat' dir='ltr'><strong>non</strong></span> <span class='ocrx_word' id='word_1_418' title='bbox 2393 3738 2688 3800; x_wconf 39' lang='lat' dir='ltr'><strong>affligent&amp;</strong></span> 
     </span>
     <span class='ocr_line' id='line_1_69' title="bbox 1608 3813 2674 3880; baseline -0.004 -15"><span class='ocrx_word' id='word_1_419' title='bbox 1608 3817 1700 3866; x_wconf 79' lang='lat' dir='ltr'><strong>nis.</strong></span> <span class='ocrx_word' id='word_1_420' title='bbox 1768 3817 1908 3873; x_wconf 69' lang='lat' dir='ltr'><strong>Fuit,</strong></span> <span class='ocrx_word' id='word_1_421' title='bbox 1941 3816 2138 3880; x_wconf 88' lang='lat' dir='ltr'><strong>oppido</strong></span> <span class='ocrx_word' id='word_1_422' title='bbox 2190 3828 2377 3863; x_wconf 88' lang='lat' dir='ltr'><strong>nomen</strong></span> <span class='ocrx_word' id='word_1_423' title='bbox 2426 3813 2674 3861; x_wconf 82' lang='lat' dir='ltr'><strong>Graecum</strong></span> 
     </span>
     <span class='ocr_line' id='line_1_70' title="bbox 1612 3888 2677 3957; baseline -0.006 -16"><span class='ocrx_word' id='word_1_424' title='bbox 1612 3892 1861 3957; x_wconf 82' lang='lat' dir='ltr'><strong>Acragas,</strong></span> <span class='ocrx_word' id='word_1_425' title='bbox 1883 3893 2079 3942; x_wconf 82' lang='lat' dir='ltr'><strong>Latinis</strong></span> <span class='ocrx_word' id='word_1_426' title='bbox 2099 3890 2466 3954; x_wconf 84' lang='lat' dir='ltr'><strong>Agrigentum,</strong></span> <span class='ocrx_word' id='word_1_427' title='bbox 2489 3896 2549 3937; x_wconf 86' lang='lat' dir='ltr'><strong>ut</strong></span> <span class='ocrx_word' id='word_1_428' title='bbox 2573 3888 2677 3936; x_wconf 83' lang='lat' dir='ltr'><strong>Pli-</strong></span> 
     </span>
     <span class='ocr_line' id='line_1_71' title="bbox 1610 3958 2679 4033; baseline -0.005 -16"><span class='ocrx_word' id='word_1_429' title='bbox 1610 3970 1724 4017; x_wconf 88' lang='lat' dir='ltr'><strong>nius</strong></span> <span class='ocrx_word' id='word_1_430' title='bbox 1758 3969 1872 4033; x_wconf 88' lang='lat' dir='ltr'><strong>ipse</strong></span> <span class='ocrx_word' id='word_1_431' title='bbox 1910 3970 1961 4018; x_wconf 87' lang='lat' dir='ltr'><strong>in</strong></span> <span class='ocrx_word' id='word_1_432' title='bbox 1986 3958 2367 4031; x_wconf 79' lang='lat' dir='ltr'><strong>Geograpbicis</strong></span> <span class='ocrx_word' id='word_1_433' title='bbox 2391 3962 2679 4013; x_wconf 88' lang='lat' dir='ltr'><strong>admonuit.</strong></span> 
     </span>
     <span class='ocr_line' id='line_1_72' title="bbox 1612 4044 2676 4107; baseline -0.008 -10"><span class='ocrx_word' id='word_1_434' title='bbox 1612 4046 1929 4107; x_wconf 79' lang='lat' dir='ltr'><strong>crotoniatis</strong></span> <span class='ocrx_word' id='word_1_435' title='bbox 1984 4052 2170 4094; x_wconf 83' lang='lat' dir='ltr'><strong>contra</strong></span> <span class='ocrx_word' id='word_1_436' title='bbox 2239 4055 2428 4104; x_wconf 86' lang='lat' dir='ltr'><strong>magno</strong></span> <span class='ocrx_word' id='word_1_437' title='bbox 2503 4044 2676 4103; x_wconf 83' lang='lat' dir='ltr'><strong>pretio</strong></span> 
     </span>
     <span class='ocr_line' id='line_1_73' title="bbox 1611 4108 2677 4181; baseline -0.008 -8"><span class='ocrx_word' id='word_1_438' title='bbox 1611 4108 1901 4179; x_wconf 78' lang='lat' dir='ltr'><strong>conductus</strong></span> <span class='ocrx_word' id='word_1_439' title='bbox 1923 4121 2176 4171; x_wconf 83' lang='lat' dir='ltr'><strong>Helenam</strong></span> <span class='ocrx_word' id='word_1_440' title='bbox 2202 4116 2391 4181; x_wconf 82' lang='lat' dir='ltr'><strong>pinxit,</strong></span> <span class='ocrx_word' id='word_1_441' title='bbox 2413 4123 2469 4164; x_wconf 87' lang='lat' dir='ltr'><strong>ut</strong></span> <span class='ocrx_word' id='word_1_442' title='bbox 2496 4116 2677 4167; x_wconf 82' lang='lat' dir='ltr'><strong>Cicero</strong></span> 
     </span>
    </p>
   </div>
   <div class='ocr_carea' id='block_1_15' title="bbox 1589 4198 2328 4265">
    <p class='ocr_par' dir='ltr' id='par_1_19' title="bbox 1589 4198 2328 4265">
     <span class='ocr_line' id='line_1_74' title="bbox 1589 4198 2328 4265; baseline -0.009 -15"><span class='ocrx_word' id='word_1_443' title='bbox 1589 4199 1795 4265; x_wconf 58' lang='lat' dir='ltr'><strong>sefert,</strong></span> <span class='ocrx_word' id='word_1_444' title='bbox 1817 4200 1883 4250; x_wconf 89' lang='lat' dir='ltr'><strong>de</strong></span> <span class='ocrx_word' id='word_1_445' title='bbox 1908 4200 2119 4250; x_wconf 80' lang='lat' dir='ltr'><strong>Invent.</strong></span> <span class='ocrx_word' id='word_1_446' title='bbox 2140 4209 2257 4260; x_wconf 82' lang='lat' dir='ltr'><strong>cap.</strong></span> <span class='ocrx_word' id='word_1_447' title='bbox 2282 4198 2328 4244; x_wconf 86' lang='lat'><strong>1.</strong></span> 
     </span>
    </p>
   </div>
   <div class='ocr_carea' id='block_1_16' title="bbox 2970 2710 2974 3571">
    <p class='ocr_par' dir='ltr' id='par_1_20' title="bbox 2970 2710 2974 3571">
     <span class='ocr_line' id='line_1_75' title="bbox 2970 2710 2974 3571; baseline 0 0"><span class='ocrx_word' id='word_1_448' title='bbox 2970 2710 2974 3571; x_wconf 95' lang='lat' dir='ltr'><strong> </strong></span> 
     </span>
    </p>
   </div>
  </div>
 </body>
</html>
