3000 4917
836 396 1015 445 uxr.
1063 395 1262 444 msr.
1312 395 1457 443 ΜΒ.
1506 396 1826 448 xxxvn.
1867 380 1978 448 32.
2338 384 2512 452 4847

289 558 447 602 cum
473 540 717 604 herbas
739 538 1138 624 radicesque
1161 532 1556 620 effoderent,
1590 546 1899 608 eruerunt
1919 544 2260 627 topazion.
2332 544 2511 610 Haec

293 641 617 707 Archelai
650 643 987 707 sententia
1016 652 1143 708 est.
1217 643 1262 708 J
1268 644 1402 707 uba
1432 644 1759 727 Topazon
1785 645 2078 709 insulam
2098 653 2140 681 ¹¹²
2171 647 2238 715 in
2271 646 2513 712 Rubro

292 744 466 809 mari
498 763 544 808 a
584 747 958 809 continente
981 745 1116 810 diei
1161 745 1585 828 navigatione
1605 754 1670 793 ³¹²
1714 748 1951 812 abesse
1983 748 2207 826 tradit,
2238 750 2512 814 nebulo-

294 866 472 924 sam,
506 851 578 911 et
623 846 778 911 ideo
828 848 1194 931 qnaesitam
1244 866 1435 930 saepe
1485 849 1986 931 navigantibuS‚
2040 870 2127 914 ex
2181 871 2262 914 ea
2304 870 2518 917 causa

288 968 544 1014 nomen
569 952 937 1035 accepisse.
1025 950 1332 1034 Topazin
1352 957 1379 986 ⁰
1402 951 1577 1014 enim
1596 956 1631 998 4
1659 950 2197 1036 Trogodytarum
2220 959 2245 1000 ⁵
2287 953 2517 1034 lingua

292 1052 855 1134 significationem
886 1054 1130 1117 habere
1162 1053 1535 1136 quaerendi.
1582 1051 1692 1116 Ex
1721 1053 1850 1119 hac
1883 1055 2167 1138 primum
2193 1055 2513 1138 importa-

293 1160 435 1219 tam
482 1155 835 1220 Berenicae
890 1154 1168 1238 reginae,
1215 1174 1369 1240 quae
1426 1154 1560 1219 fuit
1606 1159 1818 1219 mater
1846 1155 2237 1239 sequentis⁶
2283 1157 2517 1222 Ptole-

293 1257 512 1333 maei,¹³
555 1276 600 1321 a
632 1256 1022 1321 Philemone
1071 1256 1408 1340 praefecto
1450 1257 1650 1339 regis,
1692 1278 1775 1323 ac
1825 1261 1989 1323 mire
2031 1260 2397 1342 placuisse,
2448 1267 2517 1324 ct

290 1361 455 1424 inde
475 1359 730 1424 factam
753 1367 1039 1425 statuam
1059 1359 1375 1426 Arsinoae
1402 1360 1758 1426 Ptolemaei
1776 1370 1803 1410 Ρ
1834 1361 2253 1444 Philadelphi
2277 1362 2470 1425 uxori
2485 1369 2515 1407 ‘¹

297 1470 599 1545 quatuor
621 1463 1023 1541 cubitorum,
1055 1469 1396 1528 sacratam
1426 1463 1497 1527 in
1529 1464 1840 1541 delubro,
1859 1462 2041 1547 quod
2061 1482 2336 1528 aureum
2358 1482 2516 1543 cog-

296 1565 794 1629 nominabatur.
901 1565 1379 1630 Rccentissimi
1443 1571 1750 1631 auctores
1804 1571 1875 1631 et
1915 1565 2100 1630 circa
2144 1563 2516 1629 Thebaidis

296 1664 740 1731 Alabastrurn
769 1666 1094 1750 oppidum
1134 1667 1323 1731 nasci
1342 1666 1614 1732 dicunt:
1660 1672 1729 1732 et
1752 1667 1889 1732 duo
1910 1666 2059 1750 ejus
2085 1685 2324 1748 genera
2348 1665 2518 1731 faci·

295 1775 441 1844 unt,
460 1768 847 1852 prasoidem
867 1779 887 1807 ¹
920 1775 1124 1852 atque
1154 1768 1668 1853 chrysopterou‚
1687 1770 1975 1835 similem
2010 1767 2514 1851 chrysopraso.⁷

296 1870 471 1954 Ejus
499 1872 672 1936 enim
704 1871 889 1936 tota⁸
934 1870 1304 1936 similitudo
1333 1872 1421 1936 ad
1452 1872 1643 1955 porri
1673 1891 1950 1937 succum
1977 1870 2309 1953 dirigitur.
2387 1869 2518 1935 Est

298 1982 528 2057 autem
560 1974 978 2058 amplissima
998 1992 1425 2054 gemmarum.
1473 1972 1729 2038 Eadem
1757 1974 1911 2038 sola
1928 1972 2259 2037 nobilium
2283 1971 2514 2036 limam

300 2078 546 2142 sentit:
593 2082 834 2143 ceterae
868 2076 1142 2142 Naxio·
1184 2084 1259 2141 et
1288 2075 1608 2142 cotibus⁹
1638 2076 2009 2161 poliuntur.
2099 2074 2279 2138 Haec
2302 2080 2370 2138 et
2389 2093 2515 2137 usu

300 2181 634 2243 atteritur.

1220 2290 1494 2314 ”OQM
1499 2291 1591 2312 ΝΟ

302 2426 540 2476 Gronov.
567 2433 623 2478 et
646 2427 822 2490 vulgg.
872 2427 1018 2485 sessi,
1042 2442 1148 2476 cum
1184 2427 1351 2477 herbas
1389 2425 1544 2475 codd.
1580 2425 1766 2476 Dalec.
1807 2423 2008 2473 Fuxen.
2042 2430 2099 2474 et
2128 2422 2395 2474 chiffl—3
2433 2423 2517 2473 Ita

298 2492 458 2540 codd.
485 2493 668 2542 Dalec.
690 2499 745 2541 et
769 2493 966 2541 Fuxen.
999 2509 1031 2542 a
1064 2497 1188 2541 cont.
1224 2493 1399 2541 stadiis
1424 2492 1577 2541 000.
1619 2491 1778 2540 abesse
1811 2490 2044 2540 Gronov.
2065 2496 2122 2538 et
2141 2490 2207 2538 al.
2230 2495 2353 2538 ante
2378 2489 2515 2538 Har-

298 2557 450 2606 duin.
482 2572 511 2604 a
533 2562 659 2605 cont.
681 2558 851 2606 stadiis
873 2558 981 2606 00.
999 2557 1160 2606 abesse
1182 2555 1455 2607 chiffl-4
1482 2558 1683 2619 Opnzun
1702 2555 1829 2604 enim
1851 2554 2006 2604 codd.
2029 2555 2215 2604 Dalec.
2237 2560 2294 2603 et
2315 2554 2518 2603 Fuxen.

294 2627 399 2669 —5
437 2622 522 2671 Ita
545 2622 700 2671 codd.
726 2621 1005 2681 lietduini,
1027 2622 1214 2671 Dalec.
1239 2627 1295 2670 et
1318 2618 1490 2672 Cbiffl.
1531 2619 1928 2683 Troglodytarum
1950 2619 2181 2669 Gronov.
2209 2626 2265 2668 et
2295 2619 2361 2667 al.
2392 2627 2516 2667 ante

293 2685 664 2736 nardum—6
695 2687 818 2735 Vet-
844 2686 1034 2736 Dalec.
1065 2687 1372 2736 κακαὶ-7
1409 2684 1544 2735 Cod.
1585 2685 1769 2734 Dalec.
1810 2685 2117 2748 chrysoteron
2147 2682 2247 2748 (ita
2287 2682 2516 2748 Fauen.)

295 2750 510 2800 similem
528 2752 836 2816 chrysopraso
846 2768 865 2808 ,·
894 2752 1127 2801 Gronov.
1150 2757 1206 2800 et
1229 2752 1293 2799 al.
1314 2756 1438 2799 ante
1458 2749 1717 2799 Harduin.
1749 2749 2102 2814 chrysopteron,
2121 2764 2166 2798 s.
2187 2750 2520 2812 chrysopraso.

296 2819 401 2864 —8
433 2816 568 2866 Voc.
601 2821 703 2866 tota
726 2816 879 2865 deest
901 2816 951 2864 in
975 2816 1275 2865 Fuxeu.—9
1307 2815 1393 2865 Ita
1415 2830 1480 2864 ex
1512 2815 1667 2864 codd.
1691 2813 1994 2864 Harduinus
2018 2820 2073 2863 et
2096 2818 2319 2862 rerentt.
2351 2820 2364 2841 ‘
2387 2828 2518 2862 naxo

301 2887 351 2929 et
377 2885 481 2930 cote
505 2881 611 2930 Ms.
636 2882 912 2942 Fortassis,
932 2896 1052 2931 saxo
1073 2885 1122 2930 et
1141 2886 1263 2946 cote,
1288 2887 1346 2930 ut
1367 2882 1417 2930 in
1442 2880 1567 2931 Vet.
1623 2880 1771 2929 Naxo
1794 2886 1840 2930 et
1863 2878 2044 2929 cotibus
2065 2876 2251 2930 chiffl:
2285 2878 2454 2927 Dalec.

1288 3042 1505 3094 NOTAE

369 3147 406 3173 ¹¹¹
445 3140 657 3204 Topazon
678 3140 905 3203 insulam]
941 3140 1055 3189 Lib.
1080 3153 1161 3190 vt.
1186 3154 1233 3191 c.
1254 3144 1337 3190 84.
1450 3153 1594 3202 saepe
1638 3138 1859 3200 Plinius,
1901 3139 1998 3188 hoc
2034 3147 2133 3193 est,
2174 3135 2516 3201 posteriorem

367 3223 392 3248 Β
428 3215 547 3265 Diei
567 3217 898 3280 navigatione]
936 3216 1022 3264 Sic
1045 3214 1368 3265 Mas-omnes
1451 3221 1624 3264 vocat.
1694 3216 1780 3264 De
1816 3214 2049 3276 ejusdem
2083 3214 2367 3263 Berenices
2394 3211 2518 3261 ada-

298 3290 436 3355 fere‚
456 3293 587 3356 Reg.
603 3294 752 3343 Colb.
779 3293 911 3343 Fux.
967 3292 1039 3342 At
1062 3291 1233 3342 chiffl.
1260 3292 1367 3341 00.
1450 3298 1625 3341 munte
1647 3291 1682 3343 J
1689 3292 1918 3342 nvenalis
1939 3291 2051 3341 Sat.
2080 3305 2157 3342 vi.
2180 3295 2293 3340 155.
2329 3289 2345 3317 ‘
2367 3291 2518 3341 Mur-

297 3370 492 3427 stadiis,
528 3371 708 3419 borum
755 3369 1030 3419 verborum
1070 3369 1184 3417 vice
1221 3367 1367 3431 legit.
1451 3369 1619 3432 rhina,
1656 3369 1842 3419 deinde
1871 3369 2080 3418 adamas
2120 3369 2436 3425 notissimus,
2462 3376 2518 3418 et

302 3443 450 3495 Libri
481 3461 660 3497 omnes
700 3445 848 3508 editi,
883 3445 1056 3495 stodiis
1093 3445 1247 3496 000.
1270 3446 1368 3496 hoc
1448 3446 1732 3495 Berenices
1753 3446 1817 3496 In
1844 3446 2009 3510 digito
2025 3445 2192 3495 factus
2212 3446 2520 3509 pretiosiora

302 3531 405 3584 est,
426 3536 654 3573 xxxvii.
680 3536 744 3572 m.
766 3535 821 3572 n.
846 3536 986 3587 pass.
1447 3521 1587 3570 hunc
1622 3521 1772 3571 dedit
1811 3521 1930 3571 olim
1969 3521 2230 3570 Barbarus
2264 3522 2477 3570 incestae
2495 3528 2514 3570 'z

354 3605 379 3631 ⁰
417 3598 648 3662 Topazin]
705 3598 937 3648 Isidorus
979 3599 1093 3648 loco
1133 3596 1223 3648 eit.
1258 3598 1369 3650 hoec

299 3675 524 3725 totidem
550 3676 716 3726 verbis
742 3691 757 3725 z
794 3676 809 3703 ‘
835 3675 972 3724 Nam
992 3672 1218 3735 τοπάζειν
1237 3675 1366 3724 Tro·

298 3753 612 3817 godytarum
631 3753 809 3815 lingna
825 3750 1256 3815 significationem
1280 3751 1367 3801 ba-

300 3828 398 3878 bet
419 3827 729 3894 quaerendi?

367 3912 396 3947 Ρ
430 3905 685 3969 Sequentia
706 3902 982 3967 Ptolemoei]
1029 3903 1149 3953 Hoc
1171 3908 1270 3962 est,
1288 3915 1369 3951 se-

300 3981 482 4039 cundi,
521 3982 630 4031 sive
669 3979 1030 4042 Philadelphi:
1082 3977 1370 4042 eademqne

302 4074 437 4109 uxor
481 4058 757 4109 Ptolemaei
804 4058 957 4121 Lagi,
992 4054 1077 4121 qui
1124 4054 1370 4118 princeps

301 4142 425 4199 post
455 4134 740 4185 Alexandri
765 4133 962 4182 obitum
992 4131 1215 4197 AEgypto
1238 4129 1371 4193 poti·

301 4223 383 4262 tus
408 4219 508 4262 est.
562 4211 651 4261 Sic
676 4208 979 4260 Africanum
1000 4210 1017 4237 ⁴
1037 4205 1371 4273 sequentem'

1448 3597 1597 3647 dedit
1635 3599 1772 3648 hunc
1814 3598 2052 3662 Agrippa
2092 3597 2274 3661 sorori,
2320 3596 2516 3645 Obser-

1451 3680 1576 3723 vant
1619 3672 1707 3723 nbi
1752 3674 1889 3723 festa
1928 3688 2070 3721 mero
2116 3673 2249 3736 pede
2296 3670 2518 3720 sabbata

1451 3765 1623 3814 reges,
1643 3752 1714 3799 Et
1736 3757 1884 3799 vetus
1910 3748 2145 3812 indulget
2171 3747 2379 3797 senibus
2413 3748 2516 3800 cle·

1449 3830 1648 3878 mentia
1667 3825 1879 3890 porci8.’

1514 3911 1542 3946 ⁴¹
1575 3902 1879 3968 Philadelphi
1897 3900 2066 3965 uxori]
2099 3901 2310 3952 Pariter
2343 3908 2397 3951 et
2435 3914 2514 3950 to-

1451 3992 1574 4028 rori.

1514 4061 1536 4088 ¹
1567 4052 1870 4118 Prmidem]
1903 4051 2186 4117 Πρασοειδῆ,
2223 4053 2374 4101 colore
2402 4046 2519 4114 por·'

1450 4145 1621 4179 raeco.-
1654 4138 1711 4181 et
1744 4128 2096 4195 vacdmepor,
2123 4131 2221 4185 vel,
2254 4128 2332 4177 uti
2369 4128 2513 4176 exhi-

1451 4207 1581 4258 bent
1615 4206 1743 4257 Mss-
1779 4221 1973 4264 omnes,
2001 4204 2311 4272 χρυσότερον,
2341 4221 2371 4255 a
2403 4206 2513 4272 pal·
