3000 4917
455 385 630 454 4934
1370 393 1378 402 ·
1442 395 1691 450 mnsx

457 547 576 598 aliis
605 541 865 596 Mucianis
900 539 1224 608 distinguere
1256 543 1462 596 Plinius
1498 543 1652 595 solet.
1686 543 1701 571 ‘
1721 542 1816 593 Vir
1851 543 2115 596 secundus
2151 542 2495 611 adversisque
2521 543 2683 609 juxta

456 624 725 683 famosus‚'
745 621 912 690 iuquit
934 625 1145 675 Tacitus
1169 624 1313 675 Hist.
1336 640 1375 674 ι.
1400 637 1452 689 ρ’.
1475 628 1528 675 7.

518 707 691 757 Livias
715 706 872 767 Titus,
894 704 1167 755 historicus
1191 704 1499 754 Patavinus.
1569 699 1721 754 Obiit
1743 709 1929 769 quarto
1951 705 2150 755 Tiberii
2182 720 2336 755 anuo.

521 788 691 837 Livias
713 787 888 837 Filius.
957 786 1223 836 Laudatur
1246 787 1299 834 iu
1335 785 1522 836 Indice
1545 785 1637 835 lib.
1663 801 1712 834 v.
1732 783 1832 836 nisi
1864 787 2008 836 loeus
2032 788 2308 836 mendosus
2331 791 2432 849 est,
2456 801 2525 836 ex
2549 799 2687 849 prae·

455 876 666 934 postera
699 866 833 916 Livii
870 868 1205 930 repetitione,
1228 867 1359 916 Livii
1383 868 1508 917 Filii
1547 866 1770 917 conficta
1810 882 1929 917 vox.
1994 868 2126 918 Livii
2150 869 2374 932 epistola
2410 867 2478 916 ad
2518 866 2683 916 fllium

456 949 675 1013 scripta,
710 949 777 998 de
806 947 1030 1012 legendo
1063 948 1417 999 Demosthene
1441 964 1503 999 ac
1539 949 1810 1006 Cicerone,
1845 947 2090 999 laudatur
2123 963 2154 998 a
2186 949 2516 1002 Quintiliano
2551 962 2610 998 x.
2632 952 2689 998 1.

459 1043 513 1097 p.
536 1035 655 1081 ⁷35.

522 1111 737 1162 Lucilius
759 1111 933 1174 poeta,
969 1111 1055 1175 qui
1092 1109 1288 1174 primus
1313 1109 1613 1161 Latinorum
1646 1110 1851 1161 Satiras
1874 1110 2103 1175 scripsit.
2170 1112 2252 1160 De
2276 1126 2340 1161 eo
2362 1109 2591 1161 diximus
2614 1107 2686 1160 ad

460 1192 836 1244 Praefationem
861 1192 1175 1242 Pliniauam.
1211 1192 1315 1242 Sub
1341 1192 1531 1242 Publio
1557 1191 1822 1250 Africano,
1855 1192 2179 1243 Numantino
2210 1192 2368 1249 bello,
2391 1205 2556 1256 eques
2587 1192 2690 1241 mi·

458 1275 723 1336 litav'erat,
745 1274 916 1336 inquit
939 1274 1169 1323 Velleius
1194 1287 1255 1323 ιι.
1279 1277 1329 1323 9.
1354 1288 1409 1338 p.
1427 1279 1476 1323 8.

469 1381 478 1386 ·
522 1355 779 1405 Limnias
796 1357 951 1418 Titus,
968 1355 1143 1419 poeta,
1159 1355 1381 1406 Varroni
1394 1353 1508 1405 fere
1527 1354 1760 1420 oequalis,
1781 1355 1928 1420 cujus
1946 1360 2134 1405 extant
2147 1353 2264 1403 libri
2282 1368 2374 1404 sex
2390 1353 2462 1405 de
2485 1355 2691 1406 Rerum

459 1436 669 1488 Natura
692 1436 952 1498 inscripti.

525 1515 709 1581 Lyceas
739 1515 1077 1567 Naucratites
1100 1530 1133 1566 a
1156 1515 1322 1579 patria
1346 1516 1518 1567 dictus
1543 1522 1644 1566 est.
1714 1513 1944 1580 Scripsit
1969 1512 2302 1581 AEgyptiaca,
2324 1529 2442 1581 quae
2467 1514 2691 1565 laudan·

460 1606 548 1650 tur
570 1597 636 1650 ab
657 1597 916 1647 Athenaeo
939 1597 1030 1647 lib.
1059 1610 1185 1647 xnr.
1208 1612 1261 1661 p.
1279 1602 1394 1648 560.
1417 1604 1473 1647 et
1494 1596 1585 1649 lib.
1612 1611 1733 1648 xw.
1760 1612 1813 1661 p.
1835 1600 1954 1647 616.
2010 1599 2089 1647 Ex
2116 1598 2194 1647 bis
2219 1598 2477 1661 decerpta
2502 1596 2689 1647 viden·

459 1686 547 1729 tur
565 1693 682 1744 quae
717 1677 783 1727 de
805 1677 1111 1742 labyrinthis
1135 1678 1344 1743 AEgypti
1379 1677 1583 1728 Plinius
1608 1677 1769 1728 refert
1791 1691 1988 1728 xxxvr.
2017 1682 2091 1728 13.
2159 1680 2385 1742 Lyceam
2412 1684 2690 1730 auctorem

460 1760 749 1826 appellans.
817 1757 1038 1808 Poe’tam
1064 1758 1301 1830 appellat
1324 1760 1549 1823 Lyceum
1576 1757 1863 1808 Pausanias
1882 1758 1975 1807 lib.
1999 1773 2065 1808 11.
2091 1774 2144 1823 p.
2169 1763 2285 1809 118.

524 1840 685 1903 Lycus
703 1839 1027 1901 Historicus,
1050 1840 1222 1902 patria
1249 1837 1536 1902 Rheginos,
1559 1838 1916 1902 Lycophronis
1949 1839 2153 1902 Tragici
2191 1838 2474 1903 adoptione
2510 1845 2694 1903 pater,

462 1922 528 1971 de
552 1935 653 1985 quo
675 1920 860 1970 Suidas
887 1926 1025 1969 tomo
1050 1934 1112 1969 ιι.
1152 1935 1204 1982 p.
1225 1923 1311 1970 67.
1335 1927 1390 1968 et
1428 1923 1512 1969 71.
1580 1918 1763 1968 Libros
1799 1920 2129 1969 historiarum
2171 1920 2355 1984 Libyae
2390 1935 2453 1970 ac
2487 1921 2692 1971 Siciliae

464 2002 694 2066 scripsit,
719 2009 858 2052 teste
882 2001 1199 2065 Porphyrio,
1222 2001 1334 2051 sive
1358 2000 1586 2056 Malcho,
1612 2000 1663 2049 in
1686 1999 1810 2049 Vita
1834 1999 2170 2065 Pythagorae,
2195 2017 2249 2066 p.
2277 2006 2329 2053 4.
2353 2003 2444 2053 ubi
2466 2011 2694 2068 quartus

462 2084 613 2147 hujus
635 2082 807 2146 operis
832 2081 965 2132 liber
987 2082 1202 2133 citatur.

526 2164 688 2227 Lycas
722 2163 1067 2226 Neapolitanus
1103 2161 1361 2225 Medicus,
1383 2162 1456 2213 sic
1494 2161 1633 2213 euim
1669 2178 1701 2212 a
1735 2162 1905 2227 patria
1926 2165 2348 2228 cognominatur,
2367 2164 2508 2229 apud
2547 2166 2695 2217 Plin.

466 2257 562 2294 xx.
584 2249 668 2294 83.
736 2244 818 2293 Ex
840 2257 903 2292 eo
927 2243 1089 2293 multa
1112 2242 1382 2293 Oribasius
1404 2243 1659 2294 describit
1683 2258 1810 2295 vm.
1831 2248 1913 2294 43.
1941 2260 1993 2307 p.
2014 2248 2129 2295 146.
2153 2252 2211 2295 et
2235 2258 2315 2294 rx.
2337 2250 2423 2297 25.
2446 2245 2543 2295 fol.
2570 2252 2691 2297 161.

464 2326 624 2377 Hunc
664 2324 834 2388 ipsum
872 2337 985 2373 esse
1021 2323 1265 2388 arbitror,
1301 2339 1454 2389 quem
1491 2326 1763 2389 scripsisse
1801 2325 2214 2378 Commentarios
2250 2327 2304 2376 in
2331 2327 2690 2391 Hippocratis

466 2406 802 2471 Apborismos
833 2413 1015 2457 auctor
1037 2412 1120 2456 est
1142 2406 1377 2457 Galenus
1402 2412 1542 2456 tomo
1563 2419 1643 2456 rx.
1668 2406 1802 2457 libro
1836 2420 1990 2472 quem
2022 2406 2269 2457 adversus
2292 2408 2492 2472 Lycum
2515 2408 2694 2473 ipsum

466 2488 652 2547 edidit,
675 2501 728 2549 p.
751 2491 865 2538 859.

528 2568 858 2633 Lysimachus,
880 2582 1033 2633 quem
1057 2566 1122 2616 de
1149 2567 1484 2633 Agricultura
1507 2569 1775 2634 scripsisse
1794 2568 1995 2618 Plinius
2014 2568 2065 2619 in
2085 2568 2270 2619 Indice
2288 2568 2379 2619 lib.
2397 2583 2477 2620 ιν.
2492 2569 2692 2633 Varro,

465 2657 520 2701 et
559 2650 845 2699 Columella
885 2649 951 2698 de
994 2650 1073 2697 Re
1113 2648 1267 2699 Rust.
1294 2664 1333 2698 1.
1355 2653 1404 2701 1.
1441 2650 1794 2700 consentiunt.
1857 2650 2112 2699 Fortassis
2134 2649 2274 2699 idem
2297 2651 2584 2702 historicus
2603 2653 2693 2701 illc

469 2728 853 2782 Alexandrinus
875 2727 998 2792 fuit,
1031 2730 1177 2794 cujus
1202 2730 1386 2780 librum
1421 2734 1519 2782 τῶν
1539 2733 1796 2792 Θηβαΐκῶν
1814 2730 1992 2781 laudat
2012 2727 2289 2795 Apollonii·
2307 2731 2485 2782 Schol.
2510 2732 2578 2783 ad
2601 2745 2695 2785 ιιι.

466 2814 608 2864 1177.

1663 2941 1743 2991 Μ.

533 3065 703 3117 Macer
718 3068 962 3119 AEmilius.
1029 3069 1165 3119 Vide
1187 3067 1433 3120 AEmilins.

536 3147 793 3206 Moeceuas,
814 3150 989 3215 Eques
1008 3150 1157 3200 Rom.
1181 3151 1422 3215 Augusto
1442 3150 1781 3216 gratissimus,
1805 3153 1956 3217 cujus
1976 3166 2056 3205 res
2092 3158 2268 3217 gestas
2290 3151 2460 3204 literis
2481 3151 2693 3216 consi&-

469 3230 633 3293 navit‚
667 3232 744 3281 uti
779 3245 843 3280 ex
878 3233 1051 3282 Soliuo
1088 3234 1351 3296 discimus,
1386 3248 1432 3282 c.
1467 3238 1546 3284 12.
1583 3249 1637 3298 p.
1674 3238 1756 3286 32.
1815 3234 2020 3286 Graecis
2053 3233 2314 3299 Μαικήνας,
2347 3236 2399 3285 in
2436 3233 2690 3298 Antiquis

478 3310 724 3375 Inscript.
745 3313 1027 3365 Maecenas.
1093 3314 1224 3377 Ejus
1249 3315 1587 3378 Dialogorum
1622 3314 1713 3365 lib.
1740 3328 1797 3365 x.
1819 3316 1995 3366 laudat
2014 3316 2316 3366 Priscianus
2339 3315 2432 3367 lib.
2456 3329 2497 3365 ι.
2521 3329 2579 3379 p.
2602 3317 2689 3364 61.

538 3393 689 3454 Mago
712 3392 1171 3459 Carthaginiensis,
1194 3396 1342 3458 cujus
1366 3397 1552 3447 Cicero
1577 3397 1809 3446 meminit
1832 3397 1897 3447 de
1918 3397 2075 3447 Orat.
2090 3397 2181 3447 lib.
2206 3410 2246 3445 1.
2270 3411 2391 3461 pag.
2411 3400 2532 3446 825.
2580 3396 2688 3445 Vo-

471 3473 664 3522 lumina
697 3481 818 3523 octo
850 3482 905 3524 et
929 3488 1027 3524 xx.
1062 3476 1129 3524 de
1167 3475 1246 3524 Re
1270 3477 1489 3526 Rustica
1512 3478 1815 3541 scripserat,
1841 3476 2040 3527 Punico
2061 3491 2316 3534 sermone,
2337 3492 2456 3542 quae
2480 3476 2689 3540 Diony·

472 3554 681 3616 sius,uti
707 3570 798 3604 suo
824 3556 939 3605 loco
961 3556 1200 3614 diximus,
1224 3558 1275 3605 in
1286 3557 1532 3607 Graecum
1557 3559 1842 3608 transtulit.
1878 3558 2013 3607 Vide
2028 3558 2316 3606 Varronem
2340 3556 2406 3605 de
2427 3557 2510 3606 Re
2532 3558 2692 3608 Rust.

474 3649 513 3685 1.
539 3639 585 3683 1.
650 3638 850 3687 Extant
874 3639 1008 3687 illius
1032 3640 1213 3701 capita
1246 3639 1444 3703 aliquot
1476 3639 1542 3689 de
1573 3639 1982 3695 mulomedicina,
2007 3638 2142 3688 inter
2168 3637 2498 3688 veterinariae
2520 3638 2688 3689 medi-

473 3715 603 3766 cinae
628 3719 930 3781 scriptores.
999 3719 1286 3769 Columella
1309 3734 1347 3768 1.
1371 3725 1417 3769 1.
1444 3734 1495 3784 p.
1521 3724 1600 3770 13.
1627 3719 1976 3769 rusticationis
2006 3724 2276 3784 parentem
2299 3720 2554 3784 appellat.

542 3798 780 3847 Mallotes.
850 3798 991 3848 Vide
1017 3799 1324 3866 ΡΙιὶΙὶεὲίιΙεε.ο

537 3878 791 3929 Mamilius
811 3879 958 3944 Sara,
979 3894 1009 3930 e
1035 3881 1381 3931 Mamiliorum
1406 3880 1619 3938 familia,
1643 3882 1793 3945 quus
1818 3882 2004 3931 Festus
2031 3881 2286 3932 meminit.

538 3959 796 4023 Manilius,
835 3961 913 4010 vir
942 3962 1206 4011 Senatorii
1244 3963 1455 4025 ordinis,
1477 3964 1636 4012 Marii
1663 3978 1724 4012 ac
1756 3963 1911 4027 Syllae
1937 3963 2262 4026 temporibus
2294 3960 2493 4020 floruit,
2516 3963 2686 4016 Juris·

474 4040 736 4089 consultus
760 4040 988 4091 historiae
1013 4055 1074 4092 ac
1094 4043 1382 4093 literatura».
1406 4045 1572 4094 omnis
1598 4042 1893 4109 indagator.
1960 4044 2040 4094 M.
2062 4044 2335 4094 Manilium
2353 4052 2512 4096 vocat
2530 4046 2686 4096 Cice-

475 4133 555 4181 ro,
583 4120 649 4168 de
673 4120 822 4170 Orat.
848 4122 935 4171 lib.
976 4137 1013 4172 ι.
1037 4137 1091 4187 p.
1126 4128 1241 4175 322.
1275 4133 1332 4175 et
1372 4126 1546 4190 Epist.
1587 4127 1732 4176 Fam.
1755 4140 1858 4178 vu.
1883 4129 1964 4176 10.
2029 4123 2116 4174 Ab
2151 4138 2215 4175 eo
2235 4139 2448 4188 semper
2468 4140 2590 4176 curn
2614 4128 2683 4177 P.-

474 4200 653 4252 Mucio
673 4201 923 4265 scaevola,
943 4203 1482 4261 Jurisconsultissimo‚
1508 4207 1761 4258 nominari
1781 4206 2100 4270 conjunctim
2130 4208 2280 4256 solet.
2347 4208 2507 4270 Eum,
2528 4208 2685 4271 cujus

472 4281 877 4334 Astronomico‘iu
921 4282 1080 4334 libros
1120 4284 1389 4352 babemus,
1427 4286 1493 4339 ab
1534 4302 1611 4340 eo.
1644 4290 1794 4355 longe
1832 4287 2091 4354 diversum
2130 4301 2264 4352 esse,
2312 4300 2485 4354 neque
2517 4288 2681 4341 etiam
