3000 4917
540 336 717 402 4464
1275 351 1347 404 c.
1391 344 1632 403 ran-m
1680 349 2014 404 saeuum

542 493 1174 581 deprehenduntque
1228 496 1296 559 in
1343 513 1427 560 ea
1473 515 1759 561 amorem
1801 497 2103 574 artificiS‚
2154 502 2221 562 et
2270 484 2639 562 mercedem
2667 495 2734 559 in

542 598 729 662 vultu
751 597 1144 663 meretricis·
2711 645 2716 648 .

632 699 862 764 Habet
907 704 974 762 et
1010 700 1442 764 simulacrum
1485 700 1851 782 benignitas
1898 700 2066 783 ejus.
2155 698 2526 765 Calamidis
2561 698 2735 763 enim

543 793 888 884 quadrigae
917 802 1214 882 aurigam
1248 820 1448 864 sunm
1487 801 1858 883 imposuit,'
1901 821 1979 864 ne
2030 801 2259 865 melior
2296 800 2362 862 in
2414 818 2737 883 equorum

541 900 757 984 effigie
787 901 1116 967 defecisse
1164 904 1230 966 in
1273 903 1540 967 homine
1588 903 1985 967 crederetur.
2072 902 2240 985 Ipse
2292 901 2641 966 Calamis¹²
2670 908 2739 965 et

546 1003 718 1066 alias
766 1004 1124 1086 quadrigas
1171 1006 1500 1089 bigasque
1543 1004 1723 1079 fecit,
1765 1006 1957 1087 equis
1998 1024 2258 1087 semper
2296 1004 2441 1066 sine
2490 1001 2738 1068 aemulo

545 1104 915 1187 expressis.
1002 1105 1140 1170 Sed
1192 1124 1278 1168 ne
1333 1105 1632 1169 videatur
1675 1104 1742 1166 in
1789 1103 2131 1167 hominum
2181 1101 2397 1185 effigie
2448 1101 2738 1178 inferior,

544 1203 871 1269 Alcmena
889 1204 945 1252 4⁸
967 1213 992 1240 V
1020 1205 1283 1269 ‘nullius
1315 1211 1423 1269 est
1450 1204 1760 1268 nobilior.

632 1304 1089 1390 Alcamenes*
1149 1297 1416 1370 Phidiae
1467 1303 1840 1387 discipulus
1891 1310 1958 1368 et
2008 1323 2378 1369 marmorea
2431 1303 2620 1379 fecit,
2672 1310 2742 1370 et

545 1425 786 1471 aereum
819 1407 1224 1490 pentathlon,
1257 1408 1375 1489 qui
1420 1412 1704 1474 vocatur
1752 1405 2321 1470 Encrinomenos.¹
2406 1406 2506 1470 At
2537 1408 2742 1491 Poly-

544 1507 705 1571 cleti
748 1495 1123 1591 discipulus
1185 1505 1520 1571 Aristides
1569 1507 1953 1590 quadrigaS‚
2003 1509 2353 1592 bigasque.
2439 1508 2744 1592 Iphicra-

546 1610 635 1672 tis
655 1616 759 1659 495
835 1609 1077 1675 Leaena
1114 1609 1466 1689 laudatur3
1517 1615 1804 1674 scortum
1849 1609 2037 1673 haec⁸
2095 1610 2257 1692 lyrae
2302 1617 2502 1674 cantu
2548 1608 2744 1673 fami-

543 1709 708 1773 liare
735 1716 789 1757 50
833 1709 1207 1774 Harmodio
1236 1715 1303 1775 et
1333 1709 1805 1792 Aristogitoni,
1836 1711 2120 1775 consilia
2148 1729 2374 1774 eorum
2404 1710 2489 1773 de
2519 1718 2744 1793 tyran·

543 1810 818 1889 nicidio,
847 1831 1064 1895 usque
1096 1812 1186 1876 ad
1217 1817 1493 1876 mortem
1524 1811 1907 1878 excruciata
1938 1831 1980 1876 a
2009 1813 2383 1895 tyrannis‚⁵¹
2432 1832 2565 1876 non
2589 1831 2746 1895 pro-

608 1992 802 2042 ‘Fecit
821 1998 871 2043 et
890 1993 1168 2043 Praxiteles
1421 1996 1642 2048 alteram,
1676 2008 1769 2057 qua
1791 1993 2009 2056 benigue
2027 2009 2127 2044 saoe
2148 1994 2323 2045 indolis
2342 1995 2475 2044 dedit
2495 2008 2748 2056 argum·

543 2062 660 2108 tm.
730 2059 863 2107 Nam
888 2058 1148 2108 Calamidis
1168 1995 1416 2122 quadriga
1437 2059 1661 2120 aurigam
1679 2074 1767 2108 sua
1788 2074 1929 2108 mana
1946 2060 2238 2109 elaboratam
2256 2060 2495 2122 imposuit,
2512 2062 2598 2123 ξε.

1462 2218 1673 2239 HOMO&
1677 2218 1732 2239 θ’
1738 2218 1826 2238 Οθθ
1847 2218 1852 2228 “

544 2335 597 2379 et
621 2328 789 2393 vnlgg.
793 2334 921 2380 -48
955 2327 1078 2384 Vet.
1111 2332 1291 2382 Dalec.
1335 2333 1607 2385 Alcumena.
1611 2338 1702 2383 —4
1775 2334 1842 2382 Et
1880 2331 2141 2397 Iphicratis
2174 2331 2405 2382 Gronov.
2436 2338 2492 2382 et
2529 2332 2596 2382 al.
2624 2337 2749 2382 anie

543 2392 803 2444 Harduin.
838 2396 1145 2458 ‘Iphicrates
1166 2398 1321 2447 codd.
1348 2399 1514 2461 Regg.
1536 2407 1590 2448 et
1616 2398 1736 2449 Edi
1720 2397 1793 2447 tio
1818 2399 2072 2460 princeps.
2114 2396 2326 2446 Frustra
2351 2397 2586 2446 eruditus
2614 2395 2751 2447 Har·

539 2459 727 2508 duinus
749 2460 1043 2510 emendavit
1069 2460 1362 2511 Tisia-atis!
1396 2463 1621 2512 Brotier.
1690 2462 2011 2511 Harduinnm
2046 2461 2210 2509 secuti
2235 2461 2426 2510 Miller.
2454 2462 2672 2524 Bipont.
2694 2471 2750 2511 et

542 2523 722 2573 l·'.ranz
730 2529 858 2573 -50
893 2523 1022 2574 Cod.
1062 2527 1247 2576 Dalec.
1275 2526 1689 2585 familiaria—51
1733 2527 1817 2575 Ita
1838 2526 1994 2576 codd.
2030 2526 2287 2575 Harduini
2324 2534 2376 2574 et
2416 2527 2601 2575 Dalec.
2636 2539 2751 2575 cum

541 2587 663 2637 edd.
688 2588 945 2638 Harduin.
971 2593 1016 2638 1.
1035 2593 1084 2638 2.
1106 2594 1159 2639 3.
1180 2599 1236 2641 et
1260 2599 1484 2643 recentt.
1531 2590 1804 2641 excruciata
1838 2591 2057 2655 tyrannis
2092 2590 2327 2639 Gronov.
2364 2598 2421 2639 et
2459 2590 2525 2638 al.
2555 2597 2752 2642 vem—2-

1538 2732 1586 2783 N
1594 2729 1750 2783 0¹1·AE

450 2834 457 2841 ·
542 2824 586 2874 sl
609 2825 930 2889 epigramma
966 2841 998 2876 a
1029 2827 1293 2879 Simonide
1332 2829 1607 2878 concinna-

546 2907 676 2964 tum,
693 2901 745 2949 in
766 2900 979 2950 Antbol.
1004 2916 1085 2952 lv.
1106 2906 1185 2954 12.
1208 2910 1264 2952 et
1285 2903 1423 2967 apud
1444 2904 1608 2953 Athe·

544 2989 746 3025 ria-um:
797 2974 1083 3039 Πραξιτέλης
1118 2978 1174 3027 ὃν
1211 2978 1399 3040 ἔπασχε
1439 2979 1609 3043 διηκρί-

541 3053 700 3106 βωσεν
722 3049 892 3114 ἔρωτα,
912 3052 991 3115 Ἐξ
1011 3051 1129 3112 ἰδίης
1153 3053 1307 3104 ἕλκων
1341 3053 1611 3119 ἀρχέτυπον

543 3126 756 3192 κραδίης·
790 3130 942 3194 Φρύνῃ
961 3130 1130 3191 μισθὸν
1161 3132 1290 3192 ἐμοῖο
1327 3131 1477 3183 saevies
1510 3131 1609 3192 ἐμέ·

540 3203 724 3267 φίλτρα
743 3203 796 3253 δὲ
829 3203 1004 3261 βάλλω
1042 3205 1218 3256 Οὐκέτι
1243 3205 1460 3269 τοξεύων,
1493 3207 1609 3257 ἀλλ’

540 3278 886 3342 ἀτενιζόμενος.
964 3281 1178 3334 Grotius
1222 3282 1298 3330 sic
1346 3282 1606 3332 reddidit:

547 3356 706 3411 Quam
726 3356 840 3405 bene
863 3356 1139 3405 Praxiteles
1143 3356 1324 3420 finxit,
1345 3372 1482 3420 quem
1498 3372 1608 3406 sen-

540 3430 607 3479 sit
630 3430 883 3480 Amorem.-
933 3432 1012 3478 De
1034 3433 1175 3480 eorde
1208 3433 1449 3493 exemplar
1480 3447 1610 3481 sam-

538 3512 668 3557 serat
685 3507 766 3555 ille
785 3521 885 3555 saa.
921 3507 1096 3570 Meque
1112 3507 1205 3556 mei
1220 3508 1425 3570 pretium
1447 3508 1609 3573 Pary-

530 3601 601 3635 ιιι
643 3586 776 3635 dedit
793 3601 810 3633 .·

541 3661 707 3711 videar
725 3662 772 3710 si
793 3661 944 3721 modo,
962 3664 1041 3709 sat
1048 3660 1198 3721 serio.

606 3744 632 3769 ¹¹
666 3736 773 3800 Ipse
811 3736 1048 3798 Calamis]
1094 3736 1173 3784 De
1207 3736 1490 3795 Calamide,
1522 3738 1608 3789 Ci-

541 3826 665 3862 cero
688 3813 740 3862 in
765 3802 952 3875 Bruto,
979 3828 1032 3875 p.
1064 3817 1180 3862 535.
1214 3813 1495 3863 Pausanias
1520 3814 1607 3864 lib.

541 3898 623 3936 vr.
649 3902 701 3950 p.
723 3891 837 3938 865.
872 3887 1182 3950 Propertius
1205 3901 1292 3937 ιιι.
1314 3893 1365 3939 8.
1396 3888 1414 3917 ‘
1437 3890 1608 3938 Exac-

544 3959 610 4009 tis
664 3961 889 4010 Calamis
944 3974 1003 4009 se
1050 3961 1169 4010 mihi
1211 3962 1387 4025 jactat
1427 3962 1609 4027 equis.'

542 4035 705 4086 ovid.
728 4050 794 4085 ex
828 4036 1000 4085 Ponto
1020 4050 1096 4085 w.
1121 4041 1170 4086 l.
1189 4041 1273 4087 38.
1324 4039 1341 4065 ⁴
1361 4038 1607 4088 Vindicat

541 4118 603 4160 nt
647 4111 872 4161 Calamis
906 4110 1084 4162 laudes
1122 4127 1254 4178 quos
1284 4112 1414 4165 fecit
1446 4128 1597 4178 equo·

478 4185 483 4189 ’
545 4184 694 4239 num-³

852 3585 962 3633 inde
992 3584 1188 3655 sagittis
1228 3585 1324 3635 Nil
1358 3601 1473 3650 opas
1506 3593 1608 3637 est.-
1671 3620 1676 3626 ‚

1752 2836 1776 2862 1
1805 2821 2054 2892 Alcmena]
2092 2828 2335 2878 Herculis
2358 2835 2539 2877 mater.

1753 2914 1787 2939 '¹
1839 2905 2138 2968 Alcamenes]
2192 2906 2461 2955 Hactenus
2505 2906 2571 2955 de
2614 2908 2754 2956 cele-

1689 2979 1950 3031 brioribus
1995 2982 2266 3031 statuariis
2320 2981 2498 3030 habita
2544 2983 2751 3031 oratio:

1690 3059 1855 3105 ceteri
1899 3056 2144 3120 deinceps
2188 3071 2255 3105 ex
2298 3057 2562 3121 alphabeti
2616 3059 2753 3108 serie

1692 3132 2005 3195 appellandi.
2037 3131 2328 3194 Ἀλκαμένης
2347 3134 2623 3184 Pausanioe
2635 3129 2754 3185 ⁴cre-

1691 3208 1783 3258 bro
1827 3217 2154 3270 memoratus,
2197 3225 2299 3260 non
2343 3211 2456 3259 sine
2497 3210 2755 3273 peculiari

1688 3295 1902 3346 operum
1920 3284 2031 3347 ejus
2053 3284 2518 3345 commendatione,
2536 3288 2590 3332 in
2616 3283 2756 3334 Ani-

1687 3359 1782 3415 cis,
1808 3360 2091 3422 Arcadicis,
2109 3363 2207 3410 &a
2259 3362 2345 3410 De
2364 3374 2429 3409 eo
2452 3374 2656 3408 rursum
2679 3361 2756 3409 in·

1688 3434 1852 3485 serius
1892 3441 2180 3486 xxxv1.4.
2217 3443 2274 3485 et
2302 3436 2413 3500 jam
2443 3434 2757 3499 supradixi-

1689 3526 1817 3569 mus.

1754 3585 2204 3650 *Ena-inmas]
2257 3584 2630 3649 Ἐγκρινόμενοε,
2677 3585 2755 3634 in-

1688 3662 1868 3726 primis
1922 3663 2265 3766 approbatus,
2318 3661 2511 3711 ceteris
2568 3661 2756 3724 proela-

1691 3746 1793 3789 tas.

1731 3822 1775 3856 1
1813 3812 2075 3877 Iphicratis
2109 3811 2412 3875 [moratis]
2451 3810 2590 3873 Typi
2634 3810 2756 3859 liae-

1692 3894 1842 3937 tenus
1867 3889 2228 3951 praetulerunt,
2255 3888 2322 3936 Et
2343 3885 2623 3949 Iphicratis.
2681 3884 2757 3935 At

1687 3951 1827 4013 idem
1850 3976 2007 4026 supra
2027 3964 2348 4012 Tisicratem
2374 3960 2626 4010 laudavit.

1752 4048 1773 4073 ²
1806 4038 2031 4088 Scortum
2052 4039 2176 4101 lices]
2211 4037 2396 4088 Refert
2416 4038 2517 4087 boc
2548 4052 2756 4103 quoque

1688 4112 1755 4161 de
1798 4114 1991 4163 Leaena
2026 4113 2307 4162 Athenaeus
2346 4112 2439 4161 lib.
2480 4126 2613 4164 xui.
2641 4117 2755 4164 ⁵96.

1688 4187 1824 4239 Item
1848 4189 2133 4240 Pausanias
2154 4190 2307 4240 lib..1.
2332 4204 2384 4253 p.
2407 4191 2491 4238 48.
2542 4225 2548 4229 -
