3000 4917
483 390 655 459 4928
1460 392 1707 448 mnssx

482 551 643 614 tibus,
659 548 748 614 qui
773 545 871 596 sub
891 545 1001 612 ejus
1018 542 1225 595 nomine
1240 539 1626 602 circumfertur,
1643 540 1868 591 Andreae
1889 538 2143 589 Dominici
2163 537 2345 589 Floeci
2370 529 2556 588 foetum
2575 548 2687 588 esse

480 630 671 681 eruditi
691 636 898 678 norunt.

549 709 767 761 fetialis.
833 707 965 757 Vide
988 704 1198 755 Annam
1225 703 1439 753 Feriam.

548 791 769 853 Fatuclus.
833 787 971 838 vide
995 785 1227 848 Nigidius
1252 784 1473 846 Figulus.

548 873 755 921 Firmus.
818 866 1043 933 Scripsit
1076 862 1368 928 Κηπουρικὰ,
1389 878 1481 913 seu
1508 861 1575 912 de
1606 863 1685 912 Re
1715 860 1985 923 Hortensi,
2004 868 2065 911 ut
2087 861 2291 910 Plinius
2314 867 2507 910 auctor
2532 859 2690 909 estin

482 953 667 1003 Iudice
688 949 780 1000 lib.
802 961 924 999 xix.

549 1032 748 1083 Flavius
764 1030 941 1095 Alfius.
1003 1027 1142 1078 Vide
1166 1025 1326 1090 Alfium
1348 1024 1563 1075 Rudas.

1543 1174 1613 1224 G.

551 1296 723 1344 Galba.
787 1292 1021 1343 Servium
1053 1290 1273 1342 Galbam
1298 1296 1425 1351 puto
1448 1286 1864 1351 intelligendum,
1885 1300 2034 1351 quem
2060 1285 2293 1335 divinum
2318 1284 2585 1333 hominem
2608 1281 2689 1332 fu·

480 1376 582 1425 isse
613 1376 664 1424 in
702 1373 942 1434 dicendo,
964 1381 1145 1421 auctor
1176 1376 1259 1419 est
1293 1369 1490 1418 Tullius
1528 1368 1593 1417 de
1626 1367 1836 1418 Orator.
1858 1367 1944 1416 lib.
1970 1377 2007 1416 t.
2037 1381 2088 1431 p.
2109 1371 2225 1417 276.
2249 1374 2307 1415 et
2329 1368 2381 1415 in
2415 1367 2609 1428 Bruto,
2635 1378 2687 1428 p.

482 1460 741 1586 figam·
805 1532 943 1584 Vide
967 1532 1207 1596 Sulpicius
1230 1530 1414 1580 Gallus.

552 1617 802 1665 Gellianus
819 1612 1128 1663 Historicus.

548 1695 748 1746 Gellius.
804 1694 996 1743 Cneius
1019 1691 1064 1741 ei
1088 1699 1401 1755 praenomen.
1467 1689 1597 1752 Ejus
1616 1687 1851 1737 annalem
1877 1687 2106 1748 tertium,
2121 1685 2220 1752 (sic
2243 1688 2381 1735 enim
2405 1684 2692 1750 appellat,)

480 1777 657 1827 laudat
692 1774 758 1824 A.
781 1774 979 1824 Gellius
1014 1785 1141 1821 xm.
1162 1776 1246 1821 22.
1271 1786 1321 1834 p.
1342 1774 1457 1819 708.
1536 1769 1790 1821 Quintum
1826 1768 2103 1831 decimum,
2131 1766 2436 1817 Macrobius
2471 1768 2687 1816 Saturn.

479 1870 518 1906 1.
542 1860 621 1905 16.
643 1870 693 1918 p.
714 1858 831 1906 266.
895 1849 1117 1902 Varroni
1139 1866 1365 1902 coaevus.

548 1937 778 1985 Glaucias
811 1934 1052 1985 Medicus
1087 1931 1400 1995 Empiricus‚
1421 1932 1570 1996 cujus
1602 1931 1787 1981 Celsus
1818 1923 2048 1981 meminit
2070 1928 2124 1978 iu
2148 1928 2356 1992 praefat.
2379 1927 2473 1977 lib.
2498 1913 2554 1978 r.⁶
2564 1944 2616 1992 p.
2638 1932 2687 1976 1.

480 2014 778 2065 Heraclidae
814 2011 1104 2068 Tarentini,
1124 2011 1193 2061 de
1229 2011 1380 2074 cujus
1415 2018 1576 2061 aetate
1606 2026 1725 2061 mox
1759 2010 2010 2072 dicemus,
2031 2010 2281 2073 magister
2306 2008 2437 2058 fuit:
2480 2009 2688 2072 Hippo-

478 2094 639 2145 cratis
669 2093 829 2143 libros
850 2090 1238 2154 Epidemiorum
1265 2090 1659 2140 Commentariis
1678 2091 1980 2152 illustravit,
2004 2095 2139 2139 teste
2161 2090 2366 2139 Galeno
2389 2090 2687 2138 comment.

479 2176 602 2224 1.'in
635 2173 724 2225 lib.
754 2186 832 2223 vr.
866 2173 1108 2236 Epidem.
1137 2172 1392 2236 Hippocr.
1425 2179 1564 2221 tomo
1587 2186 1667 2222 rx.
1692 2187 1744 2236 p.
1769 2176 1883 2222 354.
1952 2171 2108 2222 Circa
2138 2170 2361 2221 carduos
2392 2169 2687 2232 diligentis-

478 2257 637 2304 simus
667 2254 892 2316 scriptor
919 2267 952 2301 a
985 2252 1158 2301 Plinio
1180 2252 1494 2315 appellatur,
1516 2265 1612 2301 xx.
1633 2256 1716 2303 99.
1787 2251 2072 2316 Hesychia,
2096 2250 2257 2299 verbo
2280 2248 2480 2310 Σαμίθη,
2505 2248 2685 2299 lauda·

479 2343 567 2384 tur
599 2332 831 2384 Γλαυκίας
860 2335 887 2386 ὁ
915 2331 1085 2395 ἰατρός.
1152 2331 1322 2395 Idem,
1343 2336 1401 2380 ut
1425 2331 1631 2395 quidem
1658 2346 1790 2394 reor,
1812 2329 1900 2396 qui
1923 2330 2159 2382 Glaucon
2184 2331 2342 2381 etiam
2367 2330 2686 2393 nominatur,

480 2424 628 2465 xxn.
657 2418 739 2464 85.
1260 2424 1274 2437 ·
1375 2445 1380 2449 -

545 2493 771 2543 Gracilis.
827 2493 963 2543 Vide
992 2489 1256 2542 Turranius
1282 2492 1512 2542 Gracilis.

546 2575 868 2624 Gracchanas.
934 2573 1071 2622 Vide
1089 2574 1269 2622 danius
1292 2573 1611 2622 Gracchanus.

546 2655 816 2704 (ἔπει-ἕηκε.
879 2652 1015 2701 Vide
1037 2654 1207 2703 Julius
1229 2652 1500 2704 Grec-inus.

544 2735 761 2784 Granius
781 2733 1015 2783 Medicas.
1082 2732 1226 2784 Gens
1263 2733 1462 2783 Grauia
1492 2735 1675 2784 Romae
1701 2734 2057 2799 antiquissima
2077 2732 2197 2784 fuit.
2263 2734 2344 2783 Ex
2365 2749 2425 2782 ea
2451 2729 2683 2783 Granius

475 2815 771 2866 Licinianus
800 2814 1029 2875 scriptor
1060 2813 1196 2876 apud
1233 2812 1468 2863 Macrob.
1509 2815 1717 2864 Saturn.
1747 2828 1786 2863 1.
1822 2817 1901 2863 16.
1939 2829 1990 2877 p.
2012 2817 2128 2863 268.
2195 2814 2422 2863 Granius
2462 2814 2684 2864 Flaccus

476 2908 525 2944 c.
546 2898 624 2944 18.
650 2909 699 2957 p.
719 2896 835 2942 286.
901 2893 970 2944 Q.
993 2887 1219 2942 Gr'anins
1252 2906 1429 2954 praeco
1453 2892 1591 2957 apud
1615 2894 1787 2943 Cicer.
1811 2894 1863 2941 in
1884 2894 2067 2947 Bruto,
2092 2907 2142 2955 p.
2162 2898 2279 2942 565.
2345 2894 2428 2941 Ex
2453 2909 2520 2942 ea
2542 2895 2683 2957 pari·

474 2983 556 3024 ter
577 2973 738 3024 finisse
758 2974 893 3022 hunc
915 2971 1181 3022 Medicum
1205 2986 1340 3022 reor.
1406 2974 1569 3023 Forte
1593 2974 1636 3023 is
1659 2975 1768 3038 ipse
1791 2975 2017 3024 Granius
2041 2975 2281 3034 Flaccus,
2301 2975 2540 3036 proxime
2572 2974 2680 3023 lau-

474 3054 650 3113 datus,
681 3065 835 3118 quem
873 3053 1141 3116 scripsisse
1178 3053 1362 3103 librum
1398 3053 1465 3103 de
1498 3054 1922 3119 Indigitamentis
1960 3055 2026 3105 ad
2063 3054 2341 3117 Caesarem,
2376 3062 2564 3104 auctor
2597 3062 2680 3105 est

474 3134 785 3185 Censorinus
805 3148 856 3184 c.
878 3137 928 3183 8.
952 3145 1003 3198 p.
1028 3137 1107 3183 16.

1545 3230 1615 3283 Η.

538 3343 741 3394 Hanno.
803 3343 958 3410 Apud
985 3345 1196 3396 Latinos
1218 3346 1501 3410 scriptores
1523 3346 1777 3411 aspiratur
1797 3345 2010 3407 Hanno,
2031 3346 2208 3397 Graeci
2224 3344 2439 3396 Ἄννωνα
2465 3360 2571 3395 non
2597 3359 2676 3394 as·

474 3423 664 3487 pirant.
726 3424 849 3473 Dux
884 3426 1380 3490 Carthaginiensium
1409 3426 1527 3476 fuit.
1592 3426 1859 3490 Periplum
1893 3424 2089 3476 Africoe
2123 3426 2323 3476 Punica
2346 3426 2679 3489 consignavit

471 3503 679 3566 lingua:
713 3505 857 3568 cujus
876 3506 1106 3556 meminit
1124 3505 1408 3556 Athenoeus
1431 3506 1521 3557 lib.
1538 3519 1628 3559 m.
1648 3521 1700 3571 p.
1721 3511 1802 3557 83.
1861 3506 2033 3571 Hujus
2051 3505 2396 3569 fragmentum
2414 3506 2674 3569 hodieque

456 3589 622 3648 *extat
667 3585 857 3635 Graeca
899 3585 1180 3645 redditum,
1213 3600 1461 3636 excusum
1498 3587 1721 3637 Basileae
1761 3591 1906 3636 1533.
1946 3601 2250 3650 rursumque
2294 3602 2414 3636 cum
2453 3571 2674 3636 Cesneri

473 3664 700 3727 scholiis,
723 3669 868 3716 1559.
891 3667 992 3716 etsi
1025 3673 1180 3730 neget
1211 3666 1489 3716 Salmasius
1512 3681 1566 3731 p.
1590 3670 1737 3730 1242.
1755 3667 1920 3716 adhuc
1954 3665 2079 3715 illud
2115 3666 2419 3716 innotuisse.
2489 3668 2578 3715 De
2611 3680 2672 3715 eo

473 3746 639 3795 multa
672 3747 858 3808 passim
894 3747 1122 3797 Plinius:
1161 3747 1230 3797 de
1263 3748 1373 3812 ejus
1406 3749 1699 3811 praesertim
1735 3747 1902 3810 obitu,
1922 3759 2049 3796 vm.
2068 3750 2151 3796 21.
2217 3747 2298 3796 De
2337 3747 2672 3798 Commenta·

474 3826 565 3875 riis
588 3825 655 3874 ab
677 3840 742 3875 eo
762 3827 990 3890 scriptis,
1009 3825 1066 3876 'v-
1089 3830 1138 3877 1.
2480 3829 2487 3834 ’

540 3901 806 3969 Harpalus,
839 3906 1054 3971 insignis
1087 3907 1508 3965 Mathematicus,
1543 3909 1631 3973 qni
1666 3908 1945 3958 Cleostrati
1978 3904 2302 3956 octoiiterida
2340 3906 2673 3956 emendavit:

474 3984 901 4048 quemadmodum
930 3994 989 4036 ut
1025 3987 1244 4050 Harpali
1267 4001 1464 4037 rursum
1488 4002 1689 4038 errores
1713 3988 1999 4052 corrigeret
2025 3987 2229 4051 Meton,
2253 3985 2672 4037 enneadecaete-

469 4063 603 4120 rida,
625 4065 734 4114 sive
767 4067 1015 4116 circulum
1034 4067 1451 4124 decennovalem,
1474 4068 1812 4131 excogitavit,
1832 4082 1982 4133 quem
2005 4081 2098 4116 nos
2122 4066 2351 4117 Aureum
2379 4069 2673 4118 Numerum

467 4144 805 4206 appellamus.
872 4147 1113 4196 Meminit
1135 4147 1354 4213 Harpali
1376 4148 1691 4198 Censorinus
1713 4163 1760 4199 c.
1786 4152 1866 4199 12.
1933 4147 2120 4197 Festus
2152 4146 2400 4206 Avienus,
2422 4146 2491 4198 ad
2528 4148 2672 4198 Arati

472 4223 843 4287 Phaenomena,
864 4223 954 4276 fol.
972 4229 1054 4276 65.
1079 4225 1128 4275 b.
