3000 4917
504 357 684 424 4486

509 515 831 585 candidoj
875 537 1013 584 sere
1045 537 1333 602 squama
1363 520 1559 601 longe
1583 517 1837 604 Cypria
1864 516 2326 585 inefficacior.⁶
2413 517 2708 586 Necnon

508 622 700 686 urina
730 622 923 705 pueri
950 622 1140 705 prius
1166 628 1504 687 macerant
1523 622 1783 698 clavos,
1802 640 2162 705 panesque.
2209 620 2513 700 Quidam
2542 642 2708 687 vero

510 739 863 788 excussam
903 741 1259 806 squamam
1301 728 1545 801 terunt,
1594 732 1666 788 et
1694 744 1874 807 aqua
1915 723 2150 806 pluvia
2174 724 2431 789 lavant.
2522 725 2713 790 Dant

511 830 580 889 et
617 820 1051 908 hydropicis¹¹
1094 844 1244 890 eam
1274 824 1542 890 duabus
1572 825 1904 890 drachmis
1953 826 2023 889 in
2075 826 2273 890 mulsi
2319 826 2609 905 hemina,
2647 832 2715 891 et

507 925 777 991 illinunt
808 945 961 991 oum
993 927 1270 1009 polline.

518 1068 530 1080 -
600 1040 829 1093 xxvi.
920 1023 1300 1110 AErugiuis¹
1348 1047 1621 1112 quoque
1664 1047 1940 1109 magnus
1967 1047 2153 1092 usus.
2239 1029 2373 1093 Sed
2404 1030 2719 1113 pluribus

512 1129 588 1194 fit
618 1150 703 1194 ea
730 1129 973 1194 modis.
1062 1128 1378 1213 Namque
1408 1140 1478 1195 et
1508 1130 1792 1213 lapidi,¹‘¹
1835 1150 1922 1194 ex
1954 1149 2087 1214 quo
2115 1132 2424 1213 coquitur
2453 1150 2577 1209 ωε,
2599 1131 2717 1194 de-

489 1233 800 1297 -raditurz
829 1240 851 1271 ¹
900 1238 971 1298 et
1000 1251 1131 1296 aere
1163 1232 1500 1297 candido¹¹
1545 1232 1905 1315 perforato,
1953 1240 2156 1315 atque
2185 1232 2255 1295 in
2286 1232 2475 1297 cadis
2512 1252 2715 1316 super

512 1340 781 1399 acetum
814 1353 1167 1419 suspenso,
1198 1353 1379 1399 aereo
1407 1334 1737 1401 obturatis
1768 1334 2086 1417 operculo
2111 1351 2132 1394 ε
2173 1335 2387 1398 multo
2418 1335 2718 1417 probati·

513 1437 678 1518 στοβ
716 1456 917 1521 quam
978 1438 1038 1501 si
1095 1437 1228 1501 hoo
1279 1436 1455 1501 idem
1508 1437 1806 1520 squamis
1825 1443 1851 1472 ²
1872 1444 1899 1472 ⁰
1945 1435 2085 1500 fiat.
2191 1433 2491 1513 Quidam
2546 1455 2716 1501 vasa

511 1537 667 1620 ipsa
684 1546 711 1586 Ρ
756 1537 1027 1602 candidi
1053 1537 1209 1602 aeris
1234 1535 1558 1602 fictilibus
1577 1536 1878 1602 condunt
1904 1539 1973 1602 in
1999 1542 2218 1617 aceto,
2240 1536 2610 1620 raduntque
2633 1554 2715 1601 Χ.

1240 374 1308 424 0.
1356 372 1597 422 smmi
1637 372 1976 425 suenum

578 1718 605 1754 δ
639 1721 752 1770 Erit
775 1725 933 1770 autem
954 1734 1118 1782 oerago
1138 1735 1194 1770 ea
1213 1721 1360 1770 mulio
1378 1720 1644 1785 probatior,
1662 1722 1745 1783 &e-

1431 1876 1490 1897 Ν
1494 1875 1796 1898 ‘numo‘

520 1974 753 2029 Gronov.
775 1984 832 2028 et
853 1979 920 2027 al.
945 1986 1067 2028 ante
1089 1978 1349 2028 Harduiu.
1372 1979 1605 2041 inpulaa:
1639 1982 1685 2028 ei
1707 1977 1894 2028 &ulcera
1924 1978 2043 2042 oris,
2074 1978 2255 2039 ota—6
2288 1976 2373 2027 Ita
2404 1975 2560 2026 codd.
2582 1975 2721 2025 Har-

518 2039 661 2090 duini
686 2049 739 2092 et
765 2041 934 2092 chiffl.
959 2045 1083 2093 item
1108 2058 1286 2107 margo
1309 2043 1429 2093 edd.
1454 2044 1640 2092 Dalec.
1674 2050 1731 2092 et
1765 2043 1999 2092 Gronov.
2031 2056 2061 2091 e
2086 2043 2264 2091 Diosc.
2296 2056 2412 2091 cum
2436 2040 2555 2090 edd.
2584 2040 2722 2089 Har·

520 2103 665 2155 duin.
690 2111 736 2155 1.
756 2111 805 2158 2.
826 2112 874 2158 3.
893 2116 947 2157 et
966 2117 1187 2157 recenti.
1239 2123 1337 2158 aere
1362 2108 1542 2173 Cyprio
1562 2122 1757 2169 squama
1777 2108 1872 2156 lon.
1894 2106 1976 2171 <ff-
1996 2107 2079 2156 sed
2104 2107 2247 2157 urina
2268 2106 2381 2156 cod·
2407 2107 2590 2157 Dslec.
2627 2117 2723 2153 aers

518 2183 715 2233 squama
740 2172 920 2236 Cypria
941 2175 1079 2234 longe
1100 2172 1351 2238 efficacior.
1417 2172 1537 2232 Nec,
1560 2175 1644 2235 δῖε.
1668 2171 1899 2221 Gronov,
1918 2178 1971 2220 et
1994 2172 2168 2235 vulgg.

533 2250 540 2257 ·
588 2233 723 2284 Cu».
772 2249 934 2291 xxvi.
1001 2241 1028 2286 1
1061 2238 1077 2264 ‘
1096 2238 1180 2286 lta
1201 2237 1352 2286 codd.
1377 2237 1542 2299 Regg.
1582 2244 1638 2284 et
1677 2235 1853 2285 Editio
1893 2237 2154 2299 princeps.
2221 2237 2440 2285 Frustra
2476 2231 2722 2283 emenda-

519 2305 633 2349 tum
656 2300 708 2349 in
732 2302 1110 2352 recentioribus
1135 2301 1254 2352 edd.
1276 2306 1324 2352 et
1346 2315 1372 2351 e
1393 2302 1569 2365 lapide,
1585 2303 1668 2364 &e-
1735 2301 1824 2350 Sic
1848 2299 1981 2350 infra
2004 2315 2122 2366 cap.
2142 2304 2225 2351 38.
2258 2300 2526 2349 ‘derasam
2552 2298 2723 2362 parie—

1513 2449 1560 2497 N
1569 2446 1727 2498 01·AE

586 2559 606 2603 ³
640 2559 722 2609 Fit
758 2565 807 2609 et
839 2576 903 2610 ex
937 2560 1165 2624 candido]
1200 2563 1378 2611 Diosc.
1412 2574 1466 2610 v.
1503 2564 1587 2610 89.
1660 2564 1742 2611 91.
1809 2559 2007 2633 Natiya
2048 2573 2205 2624 porro
2241 2561 2357 2609 haec
2396 2572 2574 2622 oerugo
2609 2563 2725 2608 est:

522 2634 661 2685 Vide
686 2637 857 2685 Notas
885 2643 940 2685 et
975 2638 1192 2688 Emend.
1216 2652 1353 2687 num.
1378 2641 1458 2687 18.
1663 2637 1898 2700 sequitur
1917 2636 2136 2687 factitia.

590 2708 616 2742 ¹¹
648 2711 786 2760 Dani
797 2717 846 2761 ei
862 2711 1156 2776 hydropicis]
1190 2713 1476 2763 Bibendam
1492 2713 1591 2762 sci·
1729 2719 1754 2745 ¹¹
1789 2713 1860 2761 Et
1889 2727 1986 2762 aere
2022 2711 2244 2775 candido]
2277 2711 2383 2760 Hic
2419 2711 2562 2775 prior
2595 2725 2728 2759 aeru·

522 2785 672 2848 licet,
708 2800 770 2835 ac
806 2795 1063 2850 praeterea
1093 2789 1319 2839 illinunt.
1383 2789 1593 2838 Scribo·
1666 2785 1797 2849 ginis
1835 2785 2168 2838 conficiendae
2225 2781 2426 2850 modus,
2472 2787 2560 2851 qui
2603 2793 2660 2835 et
2701 2800 2732 2835 a

525 2862 642 2911 nius
680 2863 875 2925 Largus
911 2863 1153 2927 Compos.
1187 2867 1301 2914 138.
1340 2866 1355 2894 ‘
1376 2863 1461 2914 Ad
1497 2867 1591 2928 hy·
1667 2863 1847 2913 Diosc.
1882 2863 2125 2921 traditur,
2158 2877 2212 2912 v.
2248 2867 2329 2912 91.
2378 2861 2459 2913 Eis
2483 2859 2735 2921 πιθάκνην,

528 2938 791 3001 dropicos,
807 2952 925 2988 cum
934 2939 1045 3002 jam
1063 2938 1592 3003 distentisunt,prop-

529 3021 614 3079 ter
631 3027 780 3079 aquae
799 3015 1182 3065 multitudinem
1189 3048 1341 3076 .....
1363 3030 1591 3080 squamae

531 3092 665 3153 aris,
687 3106 841 3155 quam
858 3089 1033 3142 λεπίδα
1045 3091 1221 3141 Graeci
1241 3100 1447 3149 vocant,
1465 3106 1593 3155 pon-

529 3166 598 3216 do
639 3168 923 3231 victoriati,
943 3169 1061 3217 data
1095 3180 1210 3216 cum
1244 3167 1346 3230 apii
1382 3168 1594 3217 seminis

531 3244 645 3308 pari
671 3244 901 3306 pondere
937 3259 1002 3293 ex
1037 3258 1171 3307 aqua
1209 3243 1372 3292 mulsa
1397 3244 1596 3306 cyathis

532 3327 785 3383 quatuor:
820 3318 1095 3383 plurimum
1118 3326 1289 3369 sutem
1325 3333 1471 3383 aquae
1508 3319 1596 3369 de·

525 3393 683 3459 jicit.’

603 3469 618 3504 ¹
647 3470 927 3534 AEruginis]
961 3471 1186 3528 Nostris,
1215 3471 1567 3533 Verri-aegris.

599 3554 636 3582 ¹¹¹
672 3549 888 3611 Namque
907 3553 956 3598 et
976 3547 1146 3610 lapidi]
1204 3548 1281 3597 Eo
1303 3548 1509 3597 scilicet
1533 3562 1598 3596 ex

468 3657 473 3663 -
536 3642 639 3692 quo
673 3625 787 3676 fieri
826 3641 916 3686 es,
950 3639 1099 3690 quem
1131 3632 1186 3676 et
1220 3625 1473 3674 cadmiam
1507 3641 1599 3689 ap-

537 3703 724 3767 pellari
745 3717 772 3751 a
795 3701 1106 3767 quibusdam
1131 3701 1352 3751 diximus
1373 3717 1492 3766 cap.
1514 3707 1599 3752 22.

539 3779 810 3829 Oribasius
834 3780 1055 3828 Collect.
1071 3778 1162 3828 lib.
1188 3790 1318 3829 xm.
1345 3793 1460 3841 pag.
1483 3783 1600 3829 227.

538 3860 555 3883 ‘
578 3855 644 3904 In
682 3855 888 3918 Cypriis
922 3869 1123 3919 quoque
1158 3854 1382 3904 metallis
1414 3855 1597 3919 aerugi-

539 3944 657 3979 nem
680 3930 816 3993 gigni
848 3927 1053 3980 ferunt:
1091 3930 1354 3994 lapidibus
1392 3932 1601 3994 quibus·

541 4008 661 4057 dam
687 4022 758 4056 aes
788 4007 1119 4068 habentibus,
1149 4007 1203 4057 in
1242 4007 1427 4072 quibus
1460 4006 1602 4057 efflo-

540 4084 704 4133 rescit
735 4097 1028 4147 oerugo,...
1050 4117 1064 4133 .
1088 4082 1178 4132 sed
1209 4083 1351 4133 illam
1382 4090 1437 4133 et
1473 4099 1604 4146 pau·

544 4175 657 4210 cam
681 4173 811 4215 esse,
834 4166 889 4208 et
910 4158 1196 4222 optimam.’
1278 4159 1472 4210 Hausit
1493 4160 1605 4209 haec

541 4237 653 4300 ille,
692 4244 750 4285 ut
780 4235 1029 4302 pleraque
1063 4237 1214 4300 solet,
1244 4248 1312 4285 ex
1343 4235 1527 4285 Diosc.
1550 4247 1603 4283 v.

1666 2939 1856 3003 inquit,
1875 2942 1974 2989 ἃς.
2008 2940 2070 2989 In
2101 2941 2286 2996 cadum,
2318 2945 2399 2989 aut
2426 2940 2558 2988 aliud
2576 2932 2733 2991 coasi-

1666 3016 1777 3065 mile
1792 3031 1892 3078 tas,
1909 3022 2093 3066 acetum
2110 3032 2252 3080 quam
2271 3015 2733 3083 acerrimum'iqsun·

1668 3092 1786 3149 dito,
1809 3098 1949 3155 atque
1970 3092 2045 3141 iili
2064 3092 2365 3156 superponito
2389 3092 2627 3141 inversam
2647 3107 2735 3142 vas

1668 3182 1869 3233 meum,
1906 3169 2177 3232 presertim
2217 3172 2588 3218 concameratum
2605 3184 2623 3218 .·
2655 3168 2735 3216 sia

1671 3244 1848 3307 acinus,
1863 3245 2055 3306 planum
2070 3260 2088 3294 .·
2122 3244 2188 3293 sit
2211 3259 2321 3294 uero
2343 3245 2395 3293 id
2410 3244 2554 3307 probe
2574 3245 2736 3292 deter-

1668 3334 1789 3376 sum,
1835 3322 2102 3383 auumque
2153 3320 2324 3370 habeat
2376 3320 2737 3384 spiramentum.

1672 3395 1875 3445 Decima
1891 3398 2058 3446 deinde
2078 3395 2156 3444 die
2179 3396 2364 3446 sublato
2381 3396 2594 3458 operculo
2610 3409 2737 3444 oeru·

1669 3472 1830 3531 ciuem
1852 3472 2158 3521 inker-entem
2173 3471 2406 3521 deradito.

1736 3554 1760 3580 ⁰
1796 3549 1952 3604 Quam
1970 3548 2016 3598 si
2038 3548 2125 3597 Ιιοσ
2153 3548 2279 3597 idem
2308 3547 2540 3610 squamis]
2597 3547 2739 3598 Nam

1675 3629 1731 3672 et
1754 3637 1783 3671 e
1807 3623 2051 3687 squamis,
2087 3629 2143 3672 et
2167 3636 2197 3670 e
2220 3624 2374 3672 scobs
2400 3622 2645 3671 delimato
2669 3638 2741 3670 εε-

1675 3704 1744 3752 ris
1770 3718 1947 3765 aerugo
1979 3701 2286 3752 conficitur:
2326 3701 2481 3750 ἔνεστι
2504 3699 2555 3750 δὲ
2576 3699 2657 3750 καὶ
2686 3703 2743 3753 ἐκ

1673 3777 1957 3843 pariandrus·
1983 3779 2176 3837 ποιῆσαι
2213 3777 2246 3837 ᾖ
2273 3774 2495 3826 λεπίδων.
2552 3777 2740 3826 Diosc.

1677 3857 1769 3907 loc.
1805 3856 1897 3904 cit.

1741 3939 1767 3973 ν
1804 3930 2010 3986 Quidam
2025 3943 2140 3979 vasa
2154 3927 2285 3992 ipsa]
2320 3928 2499 3977 Diosc.
2517 3927 2745 3978 totidem

1678 4007 1868 4063 verbis.
1916 4008 2016 4056 loc.
2053 4007 2143 4056 cit.
2182 4013 2301 4068 post
2339 4005 2602 4068 Theopbr.
2637 4006 2745 4070 περὶ

1678 4082 1844 4143 λίθων,
1865 4097 1918 4144 p.
1943 4086 2023 4130 12.
2053 4081 2332 4130 Oribasius
2355 4081 2389 4129 l.
2414 4093 2545 4130 xm.
2566 4078 2604 4130 f.
2625 4085 2743 4131 226.

1680 4158 1885 4209 Auctor
1909 4157 2025 4206 libri
2066 4155 2132 4204 de
2161 4155 2323 4218 Simp.
2352 4155 2500 4206 Me‘d.
2542 4156 2608 4205 ad
2640 4158 2743 4208 Pa-

1686 4241 1821 4286 tern.
1845 4241 1969 4283 tom.
1991 4245 2117 4285 xm.
2138 4246 2356 4298 operum
2390 4231 2596 4297 Galeni,
2623 4247 2747 4297 pag.
