3000 4917
729 437 796 484 c.
843 436 1087 486 amun
1136 435 1473 484 saeuum
1528 435 1674 486 mn.
1726 437 1803 486 ιι.
1846 418 2065 507 (106.)

289 593 422 641 εᾳιιιε
439 583 633 639 gentem
663 579 821 642 alunt]
857 580 952 629 Cui
976 580 1253 630 absurdum
1280 581 1352 628 vi·

293 667 403 704 sum
449 662 531 703 est
570 655 868 717 Scythicam
913 665 1121 718 gentem
1164 657 1355 720 equino

291 731 432 781 lacte
456 731 544 790 ali,
582 732 622 778 is
660 732 824 780 multo
859 733 1070 781 vaniora
1107 731 1354 782 credidis-

290 816 398 870 set,
433 824 549 872 quae
593 809 877 860 Pausanias
910 811 975 862 de
1010 811 1252 861 victimis
1285 826 1351 860 ex

290 885 398 936 hoc.
414 894 650 936 armento
673 887 856 951 tradit,
878 896 931 937 et
954 902 1121 938 sacras
1145 902 1353 952 qnoque

290 964 455 1027 dapes
485 964 623 1026 apud
669 965 784 1013 illos
828 966 1030 1029 equinis
1067 966 1352 1016 visceribus

289 1047 548 1090 constare.
615 1040 780 1090 Certe
799 1041 937 1105 apud
980 1042 1246 1092 Maronem
1281 1043 1351 1090 le-

291 1114 428 1178 gisse
480 1114 775 1166 debuerat:
832 1120 848 1145 ‘
888 1119 959 1167 Et
1006 1119 1085 1167 lac
1135 1131 1351 1167 concre-

292 1197 401 1240 tum
449 1205 567 1241 cum
611 1193 863 1256 sanguine
925 1200 1072 1259 potat
1120 1192 1350 1258 equinm’

295 1266 470 1317 Gelen.

354 1344 608 1407 Lynceseis
646 1344 792 1407 aqua]
839 1345 1023 1395 Vibius
1064 1346 1352 1411 Sequester

284 1420 538 1484 Lyn-esiam
580 1422 829 1479 nominat,
865 1422 1208 1488 Tltraciaeque
1254 1421 1351 1473 flu·

288 1498 428 1546 vium
464 1512 577 1545 esse
616 1497 789 1549 tradit.
862 1500 955 1548 Cli.
992 1512 1197 1563 exemp.
1222 1499 1351 1563 Lyn-

282 1587 421 1622 cesas
459 1573 604 1635 legit.
661 1572 819 1623 Ovid.
862 1575 999 1625 Met.
1046 1588 1143 1624 xv.
1176 1575 1351 1624 ‘Huic

280 1648 391 1699 fuit
413 1648 602 1699 effectu
628 1649 803 1713 dispar
827 1651 1144 1714 Lyncestius
1166 1652 1350 1708 amnis,

284 1725 458 1777 Quem
504 1726 800 1791 quicunque
846 1742 1025 1790 parum
1081 1728 1350 1779 moderato
1427 1767 1436 1771 ⁴

281 1808 502 1865 gutture
543 1802 724 1858 traxit,
771 1801 925 1852 Haud
968 1805 1119 1853 aliter
1156 1804 1351 1854 titubat

284 1890 445 1941 quam
469 1878 512 1925 si
550 1891 695 1926 mera
730 1879 852 1928 vina
897 1879 1148 1930 bibisset!
1207 1880 1349 1931 -vide

282 1954 474 2003 Senec.
500 1954 703 2006 Quaest.
726 1955 776 2005 N
783 1963 918 2005 atur.
957 1970 1042 2006 m.
1066 1961 1150 2007 20.
1216 1957 1349 2021 Lyn·

275 2037 438 2082 testas
478 2030 667 2083 Strabo
705 2033 793 2081 lib.
829 2046 935 2083 vu.
986 2034 1123 2083 inter
1167 2042 1348 2098 gentes

264 2107 613 2173 Macedoniae
647 2106 827 2168 refert,
864 2123 981 2172 quae
1015 2110 1067 2157 in
1099 2107 1349 2159 Austrum

278 2187 343 2232 et
365 2182 568 2234 Ionium
593 2184 757 2232 sinum
775 2184 978 2247 jacent.
1013 2185 1185 2236 Dalec.

351 2259 479 2308 Dios
498 2260 725 2309 Tecnosia
745 2259 963 2323 vocatur]
996 2259 1167 2310 Ambo
1186 2260 1348 2325 scrip·

281 2342 347 2385 ta
378 2337 722 2399 exempiaria,
746 2337 867 2387 Dies
892 2337 1148 2387 Theodosia
1187 2341 1347 2403 appel·

278 2412 432 2460 latur.
468 2412 698 2460 Pintian.

355 2489 509 2554 Styx]
542 2491 675 2538 Vide
693 2490 786 2540 lib.
811 2504 1015 2542 xxxrx.
1038 2506 1154 2556 cap.
1177 2492 1272 2541 ult.
1292 2499 1349 2542 et

283 2577 455 2614 xxxl.
478 2570 528 2615 2.
563 2566 733 2615 Dalec.

357 2642 421 2691 In
463 2643 743 2693 Carrinensi
785 2643 1056 2706 Hispanioe‚
1101 2643 1204 2707 ma]
1243 2643 1348 2693 Alii

290 2718 554 2768 Catanensi
589 2720 688 2781 leg.
739 2719 876 2768 Fons
916 2720 1003 2767 ille
1039 2719 1347 2770 Catanensis

286 2793 576 2844 absorbens
607 2795 775 2844 omnia
797 2795 950 2844 bodie
983 2795 1235 2845 Fewentia
1258 2811 1347 2845 vo·

285 2878 474 2921 catur:
511 2886 654 2936 ager,
677 2872 912 2929 Cadima,
947 2873 1148 2922 vicinus
1169 2873 1348 2926 ,mnni-

284 2948 429 3012 cipio
456 2950 868 3010 Tentugailensi.
938 2948 1140 2998 Auctor
1172 2950 1349 3012 stirpis

287 3036 473 3086 regum
511 3024 790 3072 Lusitania
825 3029 1021 3083 narrat,
1048 3024 1347 3086 jumentum

287 3114 394 3164 quo
418 3099 726 3156 vehebatur,
741 3099 979 3149 demerso
998 3100 1134 3162 pede
1156 3101 1205 3149 in
1230 3113 1347 3148 eum

286 3174 513 3238 fontem,
542 3176 628 3224 vix
653 3183 944 3225 extractum
968 3174 1129 3226 fuisse
1153 3190 1185 3225 a
1221 3175 1347 3225 duo·

289 3252 389 3302 bus
411 3251 704 3302 comitibus.
744 3252 895 3302 Idem.

357 3328 498 3376 Mira
506 3329 771 3377 redduntur
782 3328 996 3392 oracula]
1034 3328 1108 3377 lis
1132 3342 1226 3389 per
1242 3342 1347 3376 am·

286 3403 446 3473 bages
481 3404 698 3453 redditis
722 3404 937 3453 exitium
959 3404 1053 3454 sibi
1091 3410 1347 3453 maturum

284 3480 595 3541 impendere
622 3479 970 3529 Germanicus
994 3480 1217 3530 nunnitus
1252 3487 1349 3530 est.

279 3554 460 3608 Rhoe.
482 3568 667 3604 xxvn.
687 3561 736 3604 5.
773 3557 921 3605 Idem.

358 3631 650 3693 Retulimus]
683 3632 866 3693 Supra
875 3646 922 3681 c.
946 3635 1030 3680 83.
1064 3632 1215 3682 Idem.

355 3707 474 3755 Alia
492 3707 676 3771 intehi]
718 3707 781 3756 In
814 3708 940 3756 Silia
961 3708 1130 3756 Indiae
1147 3715 1349 3760 mouta-

286 3795 374 3832 ΜΒ
392 3779 552 3831 fluvio
587 3784 713 3831 nihil
752 3782 981 3832 innatare
1018 3783 1210 3836 Strabo
1243 3789 1348 3834 tra·
1425 3825 1431 3831 .

287 3858 371 3907 dit
395 3858 487 3906 lib.
516 3872 613 3907 xv.
649 3860 801 3910 Idem.

360 3935 560 3984 Flavias
594 3936 759 3985 salinis
792 3950 936 3998 aquas
988 3934 1203 3985 utiliores
1254 3950 1353 3986 esse

289 4025 436 4075 quam
472 4010 701 4074 reliquas]
753 4011 969 4070 Codices
1012 4011 1195 4074 nostri,
1231 4012 1350 4060 Pla·

285 4087 397 4138 vias
430 4086 598 4136 salinis
639 4087 775 4150 aquis
810 4087 1043 4138 dulciores
1079 4102 1175 4138 esse
1214 4103 1352 4150 quam

288 4161 518 4227 reliquas.
544 4163 773 4213 Pintian.

326 4239 467 4289 CAP.
486 4252 594 4290 civ·
637 4239 831 4300 Ignium
852 4244 901 4288 et
920 4237 1323 4303 aquaramjnnota

521 4315 771 4371 miracula,
792 4321 840 4364 et
861 4317 918 4364 de
935 4315 1129 4364 maltha.

363 4388 427 4441 In
466 4392 754 4453 Comagenes
778 4391 891 4440 arbe
909 4389 1181 4454 Samosata]
1218 4390 1352 4440 Scri·

2320 423 2496 490 4995

1436 580 1504 628 bo
1526 579 1788 630 Samosatis
1806 596 1823 629 .·
1852 581 2084 630 neutrius
2127 581 2262 630 enim
2300 590 2382 631 est
2406 598 2495 646 ge-

1431 661 1588 724 neris,
1625 662 1766 710 clara
1803 661 2056 710 natalibus
2092 662 2320 718 lanciani,
2357 663 2495 711 cele-

1429 736 1544 785 -bris
1568 736 1704 798 apud
1731 738 1947 787 Graecos
1987 737 2291 800 scriptores.
2356 738 2493 788 Item

1425 814 1773 875 Commagenes
1803 828 1919 863 cum
1954 813 2152 877 duplici
2175 829 2222 863 m
2267 815 2493 864 scriben-

1431 887 1571 944 dum,
1595 896 1655 939 ut
1696 888 2014 978 ostendimus
2052 890 2105 938 in
2130 890 2490 954 Pomponium.

1430 964 1586 1015 Idem.

1497 1041 1735 1092 maltham
1756 1039 1949 1103 vocant]
1983 1042 2186 1091 Maltba
2222 1044 2334 1092 hoec
2353 1044 2495 1093 bitu·

1427 1132 1546 1168 men
1570 1127 1667 1167 est.
1734 1119 1948 1169 Malthae
1981 1117 2199 1170 factitiae
2237 1121 2492 1170 rationem

1429 1195 1549 1245 vide
1572 1208 1777 1245 xxxvl.
1797 1200 1879 1246 22.
1915 1196 2085 1247 Dalee.

1493 1270 1757 1322 Adhoeret:
1805 1278 2041 1336 praterea
2084 1277 2242 1321 tactas
2275 1272 2491 1336 sequitur

1412 1347 1690 1410 fugientes]
1744 1346 2099 1411 Apograpbon
2145 1349 2488 1398 Toletanum:

1426 1424 1657 1473 Adhoeret
1707 1430 1938 1487 praterea
1972 1429 2146 1484 tactus,
2195 1429 2244 1473 et
2275 1425 2492 1486 sequitur

1413 1500 1680 1561 ffigientes.
1758 1499 2168 1549 salmanticense
2193 1516 2206 1548 ε
2257 1501 2491 1550 Adhoeret

1420 1580 1673 1638 praterea,
1696 1580 1742 1625 et
1777 1580 1957 1626 tactum
1993 1576 2210 1639 sequitur
2228 1574 2488 1637 fugientis.

1427 1652 1659 1701 Pintian.
1794 1681 1799 1688 ·

1643 1728 1778 1779 Cu.
1800 1742 1886 1780 cv.
1923 1728 2004 1778 De
2020 1729 2297 1791 Napheha.

1427 1843 1432 1848 .
1494 1804 1684 1854 Similis
1696 1811 1771 1854 est
1789 1811 1964 1855 natura
1982 1805 2225 1867 naphtha,
2248 1803 2357 1867 6⁶0]
2390 1804 2487 1854 Le·

1426 1880 1582 1943 gend.
1606 1879 1795 1930 Similis
1821 1887 1894 1929 est
1930 1887 2107 1930 natura
2141 1881 2380 1943 Napuce:
2415 1880 2489 1929 ita

1421 1958 1692 2019 appellatur
1709 1957 1840 2007 eirea
1860 1957 2176 2020 Babylonem,
2198 1962 2245 2006 et
2267 1957 2318 2006 in
2340 1959 2489 2006 Asta·

1421 2048 1533 2082 cene
1552 2032 1779 2082 Parthie
1820 2031 2063 2097 profluens
2102 2033 2368 2094 bituminis,
2403 2036 2488 2096 ξε.

1421 2111 1690 2170 ’Am-anmi,
1718 2112 2005 2174 provincia
2044 2117 2125 2161 est
2167 2112 2314 2175 regni
2362 2112 2493 2160 Par-

1424 2187 1648 2236 thorum.
1712 2188 1821 2237 Per
1843 2186 2112 2237 Parthiam
2152 2187 2313 2249 igitur
2337 2186 2489 2235 intel·

1421 2262 1553 2310 lexit
1568 2262 1788 2320 Plinius,
1802 2261 1895 2321 τὴν
1906 2264 2002 2312 τῶν
2016 2261 2213 2325 Πάρθων
2224 2261 2487 2326 innuptis-ct·

1423 2357 1496 2389 αν.
1524 2340 1650 2389 alias
1678 2339 1953 2398 Ἀστακηνὴ
1975 2341 2180 2388 diversa
2217 2354 2246 2386 a
2272 2339 2489 2388 Parthia

1424 2417 1636 2478 proprie
1661 2414 1823 2478 dicta,
1848 2430 1962 2479 qum
1999 2413 2245 2477 Παρθυηνὴ
2267 2414 2486 2464 Groecis.

1424 2489 1627 2539 Salmas.
1648 2506 1702 2552 p.
1718 2494 1831 2540 241.
1850 2491 1915 2540 Ι).
2476 2519 2481 2528 ›

1429 2605 1438 2610 -
1489 2567 1680 2615 Similis
1697 2572 1768 2615 est
1787 2571 1962 2616 natura
1983 2566 2223 2629 neptunus,
2245 2564 2349 2627 &fc-J
2388 2566 2484 2615 La-

1425 2641 1648 2691 tinorum
1666 2642 1874 2706 quidam
1898 2643 2067 2691 oleum
2090 2642 2257 2690 vivum
2283 2649 2487 2692 vocant.

1424 2720 1643 2770 Gratius
1663 2736 1679 2769 ε
1715 2723 1730 2747 ⁶
1755 2721 1991 2770 Vulcano
2012 2719 2252 2769 condicta
2285 2720 2488 2781 domus,

1424 2811 1574 2860 quam
1599 2796 1779 2847 subter
1802 2798 1945 2845 eunti
1969 2797 2173 2859 Stagna
2189 2797 2377 2846 sedent
2397 2811 2486 2846 ve-

1422 2874 1499 2922 nis
1537 2874 1758 2936 oleoque
1795 2873 2060 2923 madentia
2085 2872 2245 2924 vino.’
2296 2873 2487 2935 Xiphi-

1424 2949 1515 2998 lin.
1556 2964 1622 2996 ex
1657 2950 1829 2998 Dione
1863 2946 2050 3011 refert,
2088 2948 2486 3010 Tigranocerta-

1423 3038 1518 3073 nos
1544 3025 1776 3088 naphtha
1791 3038 1906 3072 sese
1929 3024 2070 3073 iuter
2090 3030 2284 3072 catera
2307 3020 2491 3070 defen-

1424 3098 1584 3159 disse,
1630 3099 1848 3148 Lucullo
1896 3098 2075 3147 urbem
2130 3105 2486 3161 oppugnante.

1422 3175 1558 3223 Vide
1577 3182 1634 3224 et
1664 3174 1806 3225 And.
1832 3174 2080 3224 Raecium
2105 3173 2175 3223 de
2193 3174 2402 3221 Tlierm.
2430 3187 2485 3222 v·

1425 3254 1509 3299 13.
1531 3251 1703 3300 Doleo.

1493 3325 1681 3389 Visam]
1698 3324 1891 3374 Eadem
1916 3323 1993 3373 vis
2011 3324 2061 3373 ia
2083 3322 2258 3373 radice
2278 3323 2486 3387 Aprox·

1418 3399 2145 3451 1dismfraxxu.1⁷.1dem·

1490 3476 1738 3539 Pellicem]
1793 3477 1982 3527 Horat.
2038 3475 2198 3524 ‘Hoc
2238 3475 2484 3525 delibutis

1426 3554 1538 3603 ulta
1579 3554 1727 3601 donis
1770 3554 2012 3617 pellicem
2053 3552 2309 3615 Serpente
2345 3551 2485 3616 fugit

1335 3663 1342 3674 .
1425 3627 1586 3678 alite-⁹
1614 3628 1765 3678 Idem.

1487 3703 1626 3752 CAP.
1662 3715 1775 3752 cvi.
1842 3702 1920 3751 De
1945 3715 2126 3763 semper
2144 3700 2420 3752 ardentibus
2470 3737 2475 3742 .

1892 3777 2024 3827 locis.

1496 3853 1833 3917 Exustioneaen]
1871 3854 2094 3910 Veteres
2118 3853 2255 3902 enim
2281 3853 2486 3903 univer·

1425 3933 1598 3982 sitatis
1644 3945 1807 3979 rerum
1851 3931 2259 3993 apocatastasin,
2295 3930 2346 3978 id
2387 3937 2486 3985 est,

1425 4004 1948 4067 restitutionem,sive
1970 4005 2490 4067 redintegrationem,

1426 4080 1618 4131 factam
1657 4079 1821 4130 fuisse
1864 4094 1958 4144 per
1981 4080 2348 4142 cataclysmum
2381 4087 2488 4130 tra·

1429 4160 1579 4222 dunt,
1624 4166 1680 4208 et
1711 4158 1830 4208 olim
1871 4156 2098 4206 futuram
2146 4171 2241 4219 per
2283 4157 2486 4222 ἐκπύρω-

1428 4253 1522 4284 σιν.
1589 4236 1718 4299 Ejus
1763 4235 1994 4284 meminit
2044 4235 2262 4299 Rbodig.
2297 4250 2362 4285 ιι.
2404 4240 2486 4284 21.

1429 4314 1559 4376 Ejus
1603 4312 1663 4362 fit
1718 4318 1775 4361 et
1828 4313 2019 4361 mentio
2078 4310 2214 4361 infra
2258 4325 2356 4362 vu.
2404 4315 2485 4361 lu.

1428 4390 1581 4440 Idem.
