3000 4917
1198 388 1555 440 aucronu
1568 390 1646 439 M.
2352 375 2528 445 4989

383 527 633 583 Nicander·
654 529 1024 597 Colophonius,
1046 529 1187 581 idem
1211 527 1397 597 Poeta,
1421 531 1559 583 idem
1584 530 1844 595 Medicus,
1863 532 2000 585 idem
2024 531 2237 601 insignis
2256 535 2528 590 Gramma-

301 614 455 680 ‚ticus
478 613 583 664 fuit
607 631 620 663 ι
658 616 700 664 is
725 624 808 665 est
837 615 987 678 cujus
1009 615 1264 665 Theriaca
1286 622 1488 672 extant,
1514 619 1569 665 et
1594 615 2042 680 Alexipharmaca.
2109 619 2254 668 Vixit
2277 621 2526 683 tempori·

313 694 412 745 bus
455 693 639 751 Attali,
678 697 929 759 postremi
966 696 1408 759 Pergamenorum
1433 697 1588 760 regis.
1647 698 1874 760 Scripsit
1897 698 2255 748 collectionem
2280 700 2528 750 remedio·

315 789 463 826 rum:
499 778 624 826 item
653 777 1005 841 prognostica,
1027 792 1144 842 quae
1170 792 1234 826 ex
1252 777 1584 841 Hippocrate
1609 778 1896 828 transtulit.
1936 779 2066 828 Haec
2091 780 2278 829 Suidas
2302 787 2440 830 tomo
2462 795 2526 832 11.

312 869 366 922 p.
390 862 505 908 229.
542 859 766 922 Scripsit
789 865 845 909 et
867 857 1143 922 Georgica,
1167 872 1383 923 quorum
1407 866 1602 922 praeter
1626 859 1838 908 Suidam
1863 860 2099 909 meminit
2129 859 2413 910 Athenaeus
2436 862 2527 911 lib.

310 951 381 988 ιι.
402 955 454 1003 p.
472 943 558 989 72.
611 940 731 989 Quo
768 940 835 989 de
868 954 1027 1003 opere
1060 940 1135 989 ita
1174 940 1373 989 Tullius
1409 941 1473 990 de
1515 941 1668 990 Orat.
1694 939 1779 989 lib.
1804 955 1842 990 1.
1866 956 1916 1004 p.
1940 945 2056 991 284.
2108 940 2124 968 ‘
2144 941 2363 991 Constat
2383 942 2524 993 inter

309 1019 515 1079 doctos,
536 1021 799 1070 hominem
840 1021 1074 1083 ignarum
1112 1020 1445 1084 Astrologiae‚
1484 1022 1823 1071 ornatissimis
1853 1029 2010 1086 atque
2033 1022 2246 1086 optimis
2269 1023 2526 1074 versibus,

305 1099 529 1151 Aratum
571 1102 636 1151 de
669 1102 802 1151 coelo
827 1102 1097 1166 stellisque
1119 1102 1344 1152 dixisse:
1383 1101 1449 1151 de
1489 1103 1645 1152 rebus
1681 1103 1886 1152 rusticis
1919 1104 2175 1154 hominem
2204 1105 2269 1153 ab
2294 1119 2420 1168 agro
2444 1119 2524 1155 re·

307 1182 655 1231 motissimum
674 1183 993 1232 Nicandrum
1018 1183 1389 1246 Colophonium
1418 1183 1623 1247 poetica
1647 1184 1868 1249 quadam
1892 1183 2164 1247 facultate,
2185 1200 2283 1234 non
2310 1185 2525 1247 rustica,

305 1262 583 1326 scripsisse
609 1261 897 1326 praeclare.’
964 1263 1212 1326 Ejusdem
1245 1264 1603 1327 Μελιτουργικὰ
1642 1264 1920 1313 laudantur
1959 1266 2022 1316 ab
2063 1266 2321 1314 Athenaeo
2344 1264 2432 1314 lib.
2452 1279 2522 1315 ιι.

304 1358 364 1406 p.
389 1347 472 1394 68.
505 1343 665 1393 Liber
688 1344 991 1394 Glossarum
1019 1346 1226 1405 tertius,
1250 1344 1338 1394 lib.
1379 1359 1476 1395 vu.
1504 1359 1554 1408 p.
1578 1349 1693 1394 288.
1730 1344 2065 1396 AEtolicorum
2103 1346 2191 1395 lib.
2223 1360 2292 1396 vr.
2322 1361 2375 1409 p.
2407 1350 2524 1396 296.

304 1424 687 1488 Boeoticorum‚
709 1426 796 1475 lib.
818 1440 919 1475 vu.
944 1441 994 1489 p.
1020 1429 1133 1475 329.
1174 1427 1608 1490 Colophoniorum
1643 1435 1874 1490 quartus,
1911 1427 2000 1476 lib.
2024 1441 2107 1477 xl.
2133 1441 2186 1489 p.
2208 1431 2324 1477 496.
2364 1427 2523 1476 Deni-

304 1519 414 1571 que
439 1504 812 1571 ἑτεροιουμένων,
836 1508 946 1555 sive
973 1507 1485 1571 Transfer-motionum,
1523 1522 1613 1556 seu
1655 1508 2111 1571 metamorphoseon,
2132 1506 2225 1559 lib.
2249 1521 2336 1557 nr.
2360 1522 2412 1571 p.
2435 1512 2519 1558 82.

303 1587 663 1654 Ejusdemque
684 1589 860 1651 operis
882 1588 1016 1637 liber
1040 1594 1253 1651 quartus
1279 1588 1369 1635 lib.
1392 1600 1493 1636 vn.
1520 1601 1571 1649 p.
1595 1591 1710 1636 895.
1734 1595 1792 1636 ut
1816 1601 1881 1635 ex
1905 1588 1967 1637 iis
1990 1594 2045 1637 et
2076 1587 2337 1651 Apollonii
2358 1588 2518 1638 Scho-

298 1656 514 1726 liasten,
547 1671 634 1734 qui
672 1669 739 1718 ad
781 1683 820 1719 ι.
858 1673 1005 1718 1235.
1041 1667 1434 1733 ἑταιροιουμένων,
1470 1676 1528 1718 et
1563 1668 1776 1718 Suidam
1801 1668 2177 1718 emendandum
2206 1673 2401 1731 putem,
2428 1669 2518 1733 qui

300 1747 503 1801 foedum
526 1751 647 1799 huic
669 1751 813 1815 operi
838 1750 1044 1799 titulum
1070 1750 1291 1815 affingit,
1311 1748 1693 1814 ἑταιροιουμένων
1707 1748 1879 1807 βίβλια
1897 1748 2058 1807 πέντε,
2081 1751 2158 1799 De
2180 1749 2243 1799 iis
2263 1750 2345 1813 qui
2369 1764 2517 1800 meres

301 1831 445 1880 tricis
467 1846 592 1882 more
612 1832 795 1880 vivunt.
862 1831 1106 1881 Meminit
1139 1843 1196 1880 et
1236 1832 1556 1882 Scholiastes
1596 1831 1851 1881 Nicandri
1876 1831 1927 1880 in
1951 1830 2193 1880 Theriac.
2215 1846 2269 1893 p·
2290 1834 2371 1879 28.
2392 1829 2519 1879 libri.

300 1927 463 1977 quem
501 1911 590 1961 ille
630 1911 984 1975 Hyacinthum
1024 1911 1381 1977 inscripserat,
1416 1912 1673 1976 Νίκανδρος
1711 1911 1762 1961 ἐν
1793 1912 1866 1978 τῷ
1907 1908 2267 1977 ἐπιγραφομένῳ
2300 1909 2515 1975 ὑακίνθῳ.

302 1993 572 2056 Apollonii
597 1993 769 2042 Schol.
795 1993 860 2041 ad
888 2006 965 2042 iv.
988 1997 1069 2043 57.
1094 1993 1216 2043 libri
1237 1994 1458 2043 secundi
1477 1993 1717 2058 Εὐρύτης.

373 2075 650 2124 Niceratus.
703 2074 852 2123 Inter
875 2074 1197 2123 recentiores
1220 2075 1449 2124 medicos
1469 2075 1748 2140 Augustoei
1772 2075 1870 2125 aevi
1894 2089 1924 2124 a
1947 2073 2256 2124 Dioscorlde
2279 2083 2515 2122 recense·

300 2159 390 2204 tur
413 2154 466 2204 in
489 2154 653 2204 Proef.
708 2154 919 2204 Librum
962 2155 1195 2205 Nicerati
1222 2156 1287 2204 de
1312 2157 1566 2219 catalepsi
1599 2156 1782 2207 laudat
1814 2156 2000 2206 Caelius
2029 2154 2295 2204 Aurelian.
2320 2154 2512 2204 Chron.

296 2251 365 2286 ιι.
387 2243 436 2286 5.
485 2236 660 2301 Hujus
697 2235 1100 2298 compositiones
1139 2237 1375 2288 Medicas
1419 2237 1585 2288 refert
1624 2237 1861 2288 Galenus
1897 2234 2023 2286 κατὰ
2056 2234 2250 2300 τόπους,
2275 2248 2357 2285 ιιι.
2385 2239 2432 2283 1.
2455 2250 2511 2300 p.

297 2322 419 2368 401.
442 2327 498 2368 et
524 2334 626 2368 vn.
651 2323 699 2367 5.
725 2334 775 2382 p.
799 2321 914 2367 553.

375 2400 559 2450 Nicias.
593 2398 760 2449 Νικίας
780 2398 1072 2462 Μαλλώτης,
1093 2415 1124 2449 a
1145 2401 1307 2450 Mallo
1330 2399 1529 2450 Ciliciae
1553 2400 1748 2465 oppido
1771 2399 2184 2463 cognominatus,
2205 2395 2259 2446 ὲν
2273 2399 2377 2448 τοῖς
2403 2394 2512 2461 περὶ

297 2484 459 2539 λίθων,
482 2484 618 2531 libro
641 2484 698 2532 de
737 2482 1019 2545 bipedibus,
1059 2483 1169 2531 sive
1212 2483 1444 2546 Gemmr‘s,
1483 2482 1726 2531 laudatur
1749 2497 1780 2531 a
1801 2480 2088 2530 Plutarcho
2119 2478 2184 2528 de
2210 2478 2431 2527 Flumin.
2457 2492 2509 2542 p.

300 2568 451 2614 1161.
473 2571 527 2613 et
552 2580 581 2613 a
604 2564 818 2613 Stobaeo
840 2564 1005 2614 Serm.
1029 2563 1093 2612 de
1119 2564 1342 2627 Morbis,
1366 2567 1480 2613 242.
1507 2578 1558 2627 p.
1582 2567 1699 2613 793.
1724 2561 1911 2627 Pyrrhi
1936 2562 2075 2624 regis
2098 2559 2328 2609 medicus
2350 2558 2470 2609 fuit.

368 2647 648 2696 Nicobulus.
685 2646 906 2695 Videtur
943 2647 984 2694 is
1008 2660 1122 2694 cum
1148 2645 1448 2695 Onesicrito
1469 2653 1525 2695 et
1550 2643 1792 2695 Nearcho
1813 2641 2201 2706 expeditionum
2223 2637 2510 2690 Alexandri

297 2742 473 2777 comes
498 2726 676 2785 fuisse,
704 2726 786 2775 vel
810 2740 928 2775 cum
952 2727 1218 2791 Diogneto
1240 2735 1296 2776 et
1324 2727 1539 2776 Baetone
1563 2726 1804 2775 itinerum
1830 2723 2108 2773 dimensor.

366 2810 527 2872 Niger
566 2807 761 2859 Sextius
792 2808 942 2857 homo
982 2808 1213 2871 Latinus,
1253 2808 1443 2859 Graece
1482 2808 1549 2856 de
1583 2806 1850 2856 Medicina
1873 2805 2106 2868 scripsitt
2139 2802 2309 2852 sedin
2331 2802 2506 2853 herbis

301 2892 646 2956 explicandis,
677 2891 976 2946 Dioscoridi
997 2893 1038 2940 si
1061 2891 1321 2941 credimus
1359 2891 1409 2940 in
1444 2888 1610 2941 Praef.
1635 2892 1798 2940 multa
1821 2888 2077 2952 peccavit.
2128 2885 2301 2935 Plinio
2323 2890 2509 2934 contra

300 2985 491 3026 xxxn.
515 2977 594 3024 13.
619 2974 1039 3037 diligentissimus
1062 2979 1244 3021 auctor
1261 2971 1531 3020 medicinae
1558 2971 1764 3019 dicitur.
1800 2972 1886 3020 De
1907 2967 2134 3017 Materia
2160 2964 2383 3027 Medica,
2401 2963 2508 3027 περὶ

300 3055 438 3119 ὕλης,
457 3057 724 3120 scripsisse
748 3056 931 3104 scimus
956 3068 1019 3102 ex
1045 3052 1308 3116 Erotiano‚
1334 3052 1385 3101 in
1410 3051 1749 3102 Onomastico
1771 3062 1953 3098 vocum
1983 3045 2342 3111 Hippocratis,
2365 3050 2505 3095 tomo

301 3148 366 3189 ιι.
394 3154 604 3202 operum
631 3138 837 3193 Galeni,
862 3152 912 3199 p.
941 3139 1051 3184 125.

369 3219 530 3281 Niger
555 3219 769 3267 Trebius.
837 3218 969 3266 Vide
988 3216 1203 3266 Trebius.

369 3301 600 3362 Nigidius
622 3299 846 3361 Figulus,
883 3300 1119 3355 Senator,
1164 3302 1282 3360 post
1317 3298 1394 3347 M.
1417 3296 1707 3345 Varronem
1743 3293 2092 3343 Romanorum
2131 3288 2494 3342 doctissimus:

301 3397 404 3447 quo
427 3383 568 3432 socio
594 3390 749 3445 atque
774 3380 1007 3445 adjutore
1030 3381 1082 3428 in
1116 3378 1464 3441 extinguenda
1498 3376 1756 3426 Catalinoe
1781 3374 2141 3437 conjuratione
2165 3371 2348 3420 Cicero
2380 3382 2502 3419 usus

300 3472 401 3513 est.
471 3462 803 3525 Astrologica
827 3460 1047 3510 scientia
1072 3459 1376 3523 praestitisse
1397 3464 1582 3507 auctor
1605 3464 1687 3506 est
1711 3456 1812 3504 Dio
1848 3456 1942 3505 lib.
1961 3466 2085 3503 ειν.
2109 3467 2160 3517 p.
2184 3456 2299 3502 270.
2336 3451 2502 3515 impe·

299 3546 536 3609 riumque
562 3543 869 3606 praedixisse
888 3541 1116 3590 Octavio
1137 3539 1396 3603 Augusto,
1414 3554 1475 3588 eo
1499 3540 1613 3603 ipso
1637 3552 1738 3603 quo
1762 3544 1913 3586 natus
1936 3543 2014 3585 est
2038 3534 2142 3583 die.
2205 3532 2500 3581 Maximum

298 3638 471 3675 rerum
495 3625 804 3673 naturalium
830 3623 1184 3685 indagatorem
1208 3629 1360 3670 vocat
1381 3623 1447 3672 Q.
1468 3622 1695 3670 Serenus
1717 3616 2075 3668 Sammonicus
2095 3614 2233 3677 apud
2257 3611 2497 3662 Macrob.

299 3706 926 3773 Saturn.11.12.p·364.
969 3703 1053 3752 ubi
1091 3703 1277 3752 librum
1302 3701 1436 3765 ejus
1447 3708 1691 3766 quartum
1727 3701 1792 3748 de
1818 3697 2132 3746 Animalibus
2172 3694 2367 3754 laudat,
2395 3706 2498 3757 quo

297 3789 412 3838 loco
431 3788 496 3837 de
523 3787 827 3850 acipensere
850 3786 977 3849 egit.
1046 3783 1257 3834 Librum
1281 3784 1561 3833 secundum
1599 3780 1831 3845 ejusdem
1856 3778 2046 3842 operis,
2081 3775 2282 3825 Gellius
2319 3788 2419 3824 vu.
2440 3777 2495 3824 9.

296 3885 351 3935 p.
391 3874 507 3919 420.
572 3868 863 3918 Secundum
905 3868 1048 3928 item,
1084 3866 1149 3914 de
1185 3868 1378 3921 Vento,
1419 3878 1481 3913 ιι.
1515 3867 1596 3913 22.
1632 3879 1683 3927 p.
1723 3865 1836 3911 166.
1904 3861 1987 3909 De
2012 3857 2178 3917 Extis,
2210 3867 2325 3904 xvr.
2362 3860 2410 3905 6.
2441 3869 2495 3918 p.

296 3956 411 4001 875.
484 3952 566 4000 De
591 3951 807 4013 Sphaera
841 3947 1127 3997 Barbarion
1162 3952 1218 3997 et
1254 3945 1579 4007 Graecanica,
1601 3942 1814 3993 Servius
1853 3942 1903 3989 in
1930 3940 2122 4001 Georg.
2146 3950 2184 3987 t.
2253 3936 2408 3985 Unde
2444 3935 2495 3985 ei

296 4031 468 4095 Figuli
494 4045 676 4081 nomen
701 4030 995 4091 adliaeserit,
1018 4029 1172 4078 docet
1207 4027 1431 4090 August.
1454 4026 1519 4074 de
1544 4025 1702 4075 Civit.
1726 4022 1827 4071 Dei
1852 4035 1904 4071 v.
1928 4026 1975 4069 3.
2043 4021 2127 4068 De
2164 4032 2225 4067 eo
2252 4018 2492 4068 Lucanus

296 4125 338 4165 ι.
362 4117 479 4163 689.
512 4113 619 4161 ‘At
641 4112 873 4175 Figulus,
889 4124 972 4160 cui
996 4124 1123 4160 cura
1147 4111 1307 4166 Deos,
1333 4113 1643 4171 secretaque
1662 4103 1838 4153 mnndi
1861 4104 2030 4152 Nosse
2062 4099 2181 4162 fuit,
2203 4113 2354 4163 quem
2390 4113 2492 4147 non

295 4195 564 4244 stellarum
585 4192 830 4258 AEgyptia
868 4191 1129 4256 Memphis
1152 4190 1400 4256 AEquaret
1436 4188 1567 4253 visu,
1600 4184 1930 4249 numerisque
1967 4180 2292 4233 moventibus
2316 4173 2491 4244 astra,’

294 4278 400 4327 &c-
