3000 4917
905 368 1080 416 NA‘r.
1128 353 1523 415 mss-(ms,
1569 353 1858 416 xxxiv.
1901 352 1971 418 2.
2366 338 2538 422 4421

340 496 698 576 Livianum'
729 496 869 574 ⁵'i‘n
917 508 1170 575 Gallia.
1259 509 1636 593 Utrumque
1682 529 1725 575 a
1773 495 2184 582 metatlordm
2239 513 2534 580 dominis

343 597 797 696 appellatum:
839 613 1006 677 illud
1034 615 1120 677 ab
1150 599 1418 677 amico⁰
1448 612 1617 678 Divi
1644 609 1963 696 Augusti,
1993 614 2120 678 h‘oc
2152 631 2194 679 a
2224 614 2533 708 conjuge,

340 714 605 780 velocis
654 714 982 779 defectus.
1080 716 1461 811 Livianum
1546 735 1816 800 quoque
1837 714 1870 755 ⁶
1937 721 2119 780 certe
2173 717 2538 781 admodum

341 818 654 898 exiguum
706 817 1052 881 invenitur.
1141 818 1420 882 Summa
1469 813 1682 901 gloria
1739 835 1915 883 nunc
1978 819 2046 881 in
2110 803 2488 883 Marianum
2512 821 2539 867 Ρ

340 937 693 997 conversa,
745 920 939 1002 quod'
982 926 1047 984 et
1095 919 1522 985 Cordubense
1577 921 1840 986 dicitur.
1933 920 2093 984 Hoc
2135 940 2176 985 a
2206 920 2539 985 Liviano‘¹

338 1022 677 1085 cadmiam
707 1022 1013 1086 maxime·
1033 1024 1284 1100 sorbet,
1321 1030 1388 1089 et
1435 1024 1806 1087 aurichalci
1832 1031 1859 1070 ⁷
1901 1024 2272 1087 bonitatem
2318 1023 2537 1087 imita-

338 1130 451 1186 tur
475 1124 547 1186 in
577 1124 897 1188 sestertiis
919 1131 943 1159 f
962 1125 1606 1210 dupondiariisque,⁸
1640 1125 1891 1210 Cyprio
1925 1145 2049 1189 suo
2075 1126 2351 1189 'assibus
2381 1144 2540 1190 con·

338 1226 566 1289 tentis.
658 1226 746 1290 Et
774 1227 1098 1292 hacteuus
1126 1229 1448 1293 nobilitas
1479 1230 1548 1293 in
1584 1248 1717 1293 aere
1748 1228 2068 1293 naturalis
2102 1246 2178 1291 se
2204 1227 2426 1291 habet.

1257 1407 1405 1428 “6“
1410 1408 1622 1427 ‘bem‘

338 1509 419 1568 ξε.
442 1505 562 1554 cod.
589 1505 864 1555 Dalec.—4
900 1509 1021 1556 Vet.
1053 1508 1240 1557 Dalec.
1263 1523 1348 1557 nec
1372 1508 1480 1568 jam
1517 1509 1752 1569 reperitur
1783 1510 1923 1569 longo
1952 1513 2274 1571 tempore.—-5
2307 1507 2546 1558 Successit

339 1577 387 1619 et
424 1571 681 1624 Liuianum
711 1572 825 1620 cod.
868 1573 1150 1621 Dalec.-·6
1184 1574 1306 1621 Vet.
1340 1574 1519 1621 Dalec.
1552 1573 1835 1635 wippa-⁷
1875 1573 2106 1621 Gronov.
2143 1580 2199 1621 et
2233 1573 2409 1635 vulgg.
2444 1571 2544 1619 ori-

331 1635 500 1683 chalci.
505 1640 603 1684 --—8
634 1636 650 1663 ⁴
674 1636 735 1683 In
759 1637 994 1686 sestertiis
1007 1636 1443 1699 dupondiariisque]
1469 1636 1556 1686 Ita
1576 1638 1758 1699 scripti
1781 1644 1837 1686 et
1866 1638 1995 1686 editi
2030 1637 2169 1686 libri.
2239 1638 2541 1685 Fueruntne

334 1700 572 1748 sestertii
597 1702 753 1749 aerei?
793 1702 956 1750 nullos
998 1710 1138 1750 certe
1162 1703 1391 1752 novimus
1416 1703 1514 1750 nisi
1548 1710 1840 1764 argenteos.
1903 1702 1995 1759 At,
2019 1710 2077 1750 ut
2101 1701 2314 1777 opinor,
2329 1715 2423 1764 per
2444 1715 2548 1749 ses-

343 1765 522 1812 tertios
548 1764 632 1812 hic
655 1765 982 1828 intelligendi
1006 1776 1122 1814 sunt
1144 1766 1468 1829 quadrusses‚
1488 1767 1576 1830 qui
1596 1766 1731 1814 idem
1750 1767 1992 1818 valebant
2011 1782 2070 1814 ac
2088 1766 2335 1814 sestertii.
2402 1765 2543 1815 Qua-

339 1828 533 1882 dtnssis
555 1830 690 1880 enim
715 1835 773 1879 et
793 1831 1068 1880 sestertius
1095 1832 1269 1879 valent
1305 1831 1528 1880 Gallicoe
1553 1840 1744 1879 nostrae
1769 1839 1994 1880 monetae
2019 1846 2158 1880 asses
2181 1835 2230 1879 3.
2249 1844 2365 1879 cum
2389 1830 2545 1877 dena-

339 1894 426 1940 riis
449 1897 526 1941 11.
599 1895 985 1957 anondiarius
1021 1904 1110 1944 aut
1147 1895 1436 1957 dupondius
1476 1898 1617 1945 valet
1646 1895 1810 1945 ferme
1840 1904 2059 1946 mouetae
2097 1902 2287 1945 nostrae
2322 1898 2528 1946 asses2,
2532 1891 2547 1911 ’

342 1958 557 2008 Brotier.
610 1959 926 2021 dipondiariis
948 1960 1062 2008 cod.
1087 1961 1271 2008 Dalec.

1330 2104 1545 2154 NOTAE

405 2207 430 2231 ¹³
463 2201 570 2249 Nec
590 2199 851 2264 reperitur]
887 2202 1002 2252 Nec
1035 2200 1175 2251 forte
1198 2201 1403 2264 uspiam

342 2275 536 2336 extitit,
561 2283 909 2340 praeterquam
942 2278 1081 2341 apud
1113 2277 1319 2340 poetas,
1348 2283 1404 2325 et

341 2351 391 2399 iu
424 2350 650 2401 fabulis:
699 2361 760 2402 ut
792 2353 1062 2403 Aristoteli
1106 2361 1403 2418 persuasum

342 2427 457 2476 olim
483 2426 640 2477 fuisse
660 2436 847 2477 auctor
861 2436 943 2477 est
964 2428 1226 2492 Apollonii
1247 2430 1402 2497 Sciro-

343 2503 540 2554 liastes.
602 2504 830 2552 Plautus
865 2504 918 2552 in
952 2506 1069 2555 Mil.
1110 2519 1196 2554 ιιι.
1239 2510 1284 2554 1.
1320 2510 1401 2554 64.

336 2587 444 2629 tres
498 2579 739 2630 homines
780 2579 921 2642 fungi
968 2580 1105 2645 aequi
1157 2581 1402 2644 ponderis

343 2669 457 2705 cum
482 2656 783 2707 aurichalco
807 2656 1064 2705 aestimat:
1086 2659 1104 2687 ‘
1124 2657 1270 2707 Cedo
1294 2667 1400 2707 tres

340 2732 460 2780 mihi
482 2731 717 2780 homines
746 2732 1043 2781 aurichalco
1076 2737 1261 2781 contra
1283 2747 1399 2782 cum

341 2807 452 2857 istis
489 2807 758 2857 moribus.’
824 2809 986 2858 Certe
1026 2823 1141 2857 cum
1180 2808 1401 2873 reperiri

340 2883 522 2932 saltem
546 2876 702 2931 Plini'i
729 2884 840 2947 jam
882 2898 993 2933 aevo
1029 2884 1262 2946 desierit,
1298 2898 1398 2932 non

340 2959 462 3008 illud
484 2971 599 3006 esse
622 2960 709 3007 vel
730 2973 797 3008 ex
832 2973 893 3008 eo
923 2960 1098 3022 capite
1121 2959 1399 3020 evincitur,

342 3034 477 3097 quod
515 3047 608 3082 nos
647 3036 714 3082 du
748 3034 927 3083 Laium
972 3036 1250 3085 vernaculo
1291 3051 1399 3086 ser-

340 3123 489 3158 mone
525 3111 793 3178 appellare
832 3112 1208 3161 consuevimus.
1279 3113 1398 3162 Non

338 3185 558 3248 simplex
597 3185 804 3248 aliquod
821 3187 1095 3235 metallum
1120 3186 1280 3235 fuisse
1303 3188 1401 3256 ori·

339 3261 570 3309 chalcum
640 3262 932 3324 Stephanus
996 3263 1186 3323 innuit,
1242 3263 1400 3332 verbo

325 3336 564 3399 Ἀνδειρα,
589 3337 681 3386 sed
720 3352 786 3386 ex
820 3338 993 3401 lapide
1029 3340 1250 3402 quodam
1282 3355 1398 3389 cum

340 3428 441 3463 aere
500 3420 674 3474 cocto,
716 3413 830 3463 fieri
878 3416 1104 3464 solitum.
1183 3416 1401 3480 Ἀνδειρα

339 3488 501 3549 πόλις.
522 3492 573 3538 ἐν
601 3486 635 3555 ᾗ
654 3489 801 3553 λίθος,
833 3488 886 3538 ὃς
907 3490 1151 3551 καιόμενος
1183 3490 1261 3541 καὶ
1291 3511 1400 3557 κρα-

338 3566 430 3614 θεὶς
461 3567 659 3630 χαλκῷ,
684 3564 962 3629 ὀρείχακλος
980 3566 1182 3627 γίνεται.
1241 3567 1398 3633 Lapi'-

339 3643 454 3692 dem
477 3657 598 3692 eum
622 3643 873 3691 cadmiam
891 3658 1005 3692 esse
1024 3643 1253 3694 fossilem
1277 3645 1399 3694 Kir-

337 3720 520 3769 cherus
556 3728 733 3768 noster
769 3718 1050 3768 arbitratus
1090 3728 1169 3769 est
1210 3722 1397 3770 Mundi

338 3797 574 3846 Subterr.
599 3809 655 3844 X.
680 3799 729 3844 4.
757 3810 809 3858 p.
832 3798 944 3845 218.
1002 3796 1099 3845 Cui
1123 3798 1396 3847 sententiae

339 3872 522 3921 Festus
546 3869 890 3935 suffragatur.-
933 3872 1195 3921 ‘Cadmea
1220 3876 1399 3932 terra?

336 3947 559 4012 inquit,‘
578 3962 690 4011 quae
715 3948 769 3996 in
793 3963 863 3996 aes
887 3949 1184 4030 conjicitur,
1217 3957 1274 3999 ut
1306 3949 1397 4000 fiat

339 4023 690 4073 orichalcum)

399 4108 424 4131 ⁰
456 4099 663 4147 laudab
689 4097 864 4162 amico]
914 4100 1161 4150 Sallustio
1195 4101 1396 4165 Crispo,

339 4188 492 4238 quem
517 4176 828 4239 participem
852 4186 1166 4228 secretorum
1193 4177 1395 4242 Augus-

340 4250 383 4299 ti
401 4251 618 4303 Tacitus
642 4257 798 4302 vocat
823 4251 1008 4303 Annal.
1029 4268 1069 4304 1.
1091 4269 1145 4318 p.
1170 4258 1218 4305 6.
1271 4254 1395 4304 Fuit

1483 2202 1527 2250 is
1550 2201 1779 2252 Sallustii
1804 2204 2036 2253 historici
2061 2218 2127 2256 ex
2153 2216 2329 2251 sorore
2364 2215 2546 2266 nepos.

1483 2279 1723 2331 Meminit
1765 2289 1817 2329 et
1859 2280 2063 2330 Seneca
2101 2280 2166 2328 de
2192 2278 2484 2328 Clementia
2506 2292 2546 2327 ι.

1515 2358 1564 2401 0.

1483 2357 1509 2402 l
1546 2435 1573 2468 Ρ
1608 2428 1671 2476 In
1707 2428 2009 2491 Marianum]
2059 2429 2107 2478 A
2139 2429 2312 2478 Mario
2347 2428 2542 2492 septies

1470 2495 1726 2560 Consule,
1746 2510 1807 2553 ut
1841 2506 2063 2552 diximus
2098 2504 2231 2552 libro
2254 2518 2367 2565 sup.
2392 2518 2439 2552 c.
2464 2506 2544 2552 13.

1480 2581 1911 2645 quemadmodum
1955 2598 1987 2631 a
2022 2581 2272 2632 Sallustio
2291 2581 2544 2643 Idviaque

1482 2672 1677 2720 genera
1707 2659 1825 2707 aeris
1861 2659 1962 2707 alia
1993 2671 2176 2706 nomen
2207 2663 2544 2719 acceperunt.

1483 2733 1603 2788 Vel,
1637 2733 1774 2798 quod
1808 2734 1959 2783 alicui
1986 2732 2158 2782 forsan
2193 2734 2406 2782 similius
2432 2731 2543 2781 veri

1480 2808 1741 2871 videatur,
1765 2824 1796 2858 a
1819 2809 2072 2858 Marianis
2093 2808 2354 2858 montibus
2379 2822 2543 2872 prope

1480 2884 1794 2946 Cordubam,
1817 2899 1955 2933 nunc
1978 2885 2144 2934 Sierra
2165 2885 2386 2933 Merena.

1544 2970 1569 3003 q
1603 2962 1713 3009 Hoc
1744 2978 1773 3009 a
1795 2962 2023 3024 Liuiano]
2074 2962 2129 3010 Si
2166 2961 2433 3011 Livianum
2470 2976 2541 3010 aes

1481 3037 1773 3100 exceperis,
1794 3038 2176 3085 Marianumoes
2194 3037 2415 3084 maxime
2434 3051 2542 3085 om·

1481 3111 1623 3161 nium
1647 3112 1841 3166 sorbet,
1862 3112 2065 3175 sibique
2080 3111 2391 3173 agglutinat,
2400 3125 2541 3170 com·

1482 3189 1769 3252 miscetque
1795 3187 2018 3251 lapidem
2044 3186 2316 3243 cadmiam,
2340 3201 2452 3235 cum
2487 3186 2541 3235 in

1478 3265 1727 3329 eundem,
1752 3265 1805 3313 i'n
1830 3279 1928 3328 quo
1964 3260 2215 3312 conflatur
2247 3277 2337 3326 aes,
2368 3259 2544 3312 forna-

1482 3356 1595 3390 cem
1620 3341 1935 3389 immittitur.

1473 3403 1481 3428 ²
1549 3422 1571 3448 ‘
1599 3417 1660 3465 In
1682 3415 1937 3478 sestertiis]
1982 3415 2150 3464 Fuere
2180 3413 2350 3480 igitur
2386 3418 2438 3462 et
2475 3426 2541 3460 ex

1482 3483 1588 3540 aere
1613 3492 1863 3555 sestertii,
1887 3490 2041 3540 sicuti
2080 3488 2348 3553 dupondii,
2384 3496 2436 3537 et
2460 3502 2539 3536 as-

1480 3573 1594 3616 ses:
1603 3581 1699 3618 ex
1733 3565 1928 3629 dispari
1958 3572 2156 3614 tantum
2196 3565 2313 3612 aeris
2348 3575 2539 3625 genere

1477 3642 1717 3694 conflati:
1746 3641 2007 3692 sestertiis
2023 3640 2398 3703 dupondiisque
2423 3638 2538 3685 Ma·

1479 3722 1644 3777 riano,
1700 3719 1899 3783 Cyprio
1957 3716 2158 3766 assibus
2219 3713 2538 3777 adjudicato.

1479 3797 1567 3846 De
1591 3794 1858 3858 dupondio
1880 3807 1945 3840 ex
1968 3793 2070 3839 aere
2087 3789 2237 3838 testis
2254 3786 2538 3836 Petronius

1476 3874 1531 3922 in
1552 3874 1746 3936 Sat-p.
1769 3875 1853 3921 40.
1889 3868 2127 3916 ‘Praeter
2158 3864 2538 3927 unum'dupon-

1479 3950 1623 3998 dium
1679 3946 2053 4008 sicilicumque,
2096 3941 2280 4006 quibus
2334 3941 2538 4004 lupinos

1478 4024 1929 4074 destinaveramus
1949 4017 2186 4078 mercari,
2203 4016 2329 4065 nihil
2347 4016 2412 4065 ad
2433 4031 2539 4064 ma·

1477 4115 1599 4149 num
1633 4096 1783 4147 erat.'
1851 4096 1936 4147 Ne
1969 4108 2126 4159 porro
2163 4093 2393 4142 Plinium
2430 4092 2538 4140 hal-

1475 4176 1761 4226 lucinatum
1784 4172 2096 4232 existimem,
2119 4183 2239 4218 usus
2259 4168 2397 4217 illius
2421 4167 2537 4229 aevi,

1475 4266 1627 4318 quem
1658 4250 1823 4314 probe
1847 4250 1895 4299 ei
1920 4252 2256 4313 perspectum
2278 4245 2376 4295 hac
2396 4244 2452 4296 in
2477 4258 2535 4293 re
