3000 4917
538 423 708 494 4964

485 583 490 587 ’
525 600 536 606 ·
606 583 687 631 Ne
710 582 865 629 Deum
884 576 1069 639 quidem
1088 586 1221 636 posse
1237 568 1417 629 omnia]
1454 565 1594 627 Aga-

541 660 631 707 tho
653 654 952 703 dilaudante
977 650 1137 697 Arist.
1160 647 1279 695 Eth.
1303 645 1501 693 Nicom.
1524 653 1597 687 vr.

527 738 589 783 2.
620 730 763 792 μόνον
782 728 875 789 ’γὰρ
897 726 1040 775 αὐτοῦ
1059 723 1135 772 καὶ
1158 722 1259 770 θεὸς
1280 718 1599 781 στερίσκεται,

539 808 799 868 Ἀ’γέννητα
820 806 968 852 ποιεῖν
988 801 1091 850 ὅστ’
1128 800 1186 848 ἂν
1207 796 1246 863 ᾖ
1276 792 1598 860 πεπραγμένα.

542 886 612 933 Et
635 882 899 932 Plutarch.
926 878 1187 944 consolat.
1213 875 1275 922 ad
1303 873 1457 935 Apol.
1477 870 1599 918 milri

541 973 659 1023 pag.
683 962 793 1008 199.
810 957 903 1005 sub
922 954 1007 1002 fin.
1028 952 1087 1000 τὸ
1101 950 1292 1013 μὲνγὰρ
1313 944 1598 1010 γεγεννημέ·

540 1051 621 1083 νον
637 1033 741 1082 οὐδὲ
764 1032 867 1081 θεὸν
886 1028 1084 1079 δυνατόν
1103 1031 1208 1077 ἐστι
1227 1028 1379 1074 ποιεῖν
1400 1022 1599 1084 ἀγέννη-

539 1128 641 1158 τον.
708 1111 777 1157 Et
802 1122 866 1156 ne
887 1106 1097 1154 nimium
1117 1104 1254 1164 longi
1279 1103 1452 1156 simus,
1469 1100 1600 1147 The·

541 1186 688 1249 ognis
720 1199 789 1232 vs.
828 1186 942 1230 583.
986 1186 1041 1228 et
1096 1179 1317 1240 Sophoc.
1365 1174 1603 1223 Trachin.

542 1270 597 1308 et
633 1259 790 1308 Pind.
826 1259 1040 1319 olymp.
1076 1255 1177 1304 od.
1203 1268 1263 1301 ιῐ.
1299 1260 1355 1301 et
1388 1252 1511 1299 Seu.
1536 1249 1602 1297 de

542 1336 742 1384 Brevit.
768 1335 909 1382 Virae
949 1332 1067 1379 mihi
1108 1346 1157 1394 p.
1177 1333 1290 1377 133.
1326 1334 1379 1375 et
1417 1327 1602 1374 Horat.

545 1427 632 1461 ιιι.
663 1413 765 1461 Od.
788 1415 869 1460 29.
906 1418 959 1459 et
984 1410 1036 1457 S.
1065 1407 1195 1470 Aug.
1218 1407 1283 1454 de
1321 1404 1477 1455 civit.
1498 1402 1604 1451 Dei

548 1504 605 1538 v.
628 1493 706 1537 10.
732 1490 828 1536 Sec.
866 1487 1037 1535 Dulec.
1452 1524 1467 1536 ,

609 1565 710 1612 Aut
730 1575 948 1610 revocare
969 1556 1232 1618 defunctos]
1287 1554 1434 1603 Hier.
1460 1553 1605 1617 Mag.

546 1638 610 1687 de
637 1639 819 1686 Exust.
842 1634 1030 1684 Mund.
1061 1648 1111 1682 v.
1137 1637 1184 1680 1.
1218 1632 1369 1679 Idem.

618 1714 682 1763 Ut
692 1713 872 1772 facetis
893 1725 1088 1773 quoque,
1112 1709 1218 1771 ἔφα]
1268 1707 1354 1755 Ita
1378 1706 1489 1754 scil.
1519 1705 1604 1767 jn·

546 1788 690 1836 dicat
714 1788 779 1834 de
804 1787 880 1834 his
903 1783 1232 1833 divinissimis
1260 1780 1485 1829 scientiis
1510 1781 1605 1827 lioc

545 1864 802 1912 hominum
839 1875 1018 1924 genus.
1087 1859 1298 1909 Quanto
1334 1871 1455 1904 vero
1496 1870 1606 1904 rec-

546 1940 651 1988 tius
677 1939 884 1987 doctiss.
910 1938 1105 1985 Muret.
1126 1934 1251 1984 Var.
1280 1934 1431 1981 Lect.
1459 1946 1535 1981 vr.
1560 1936 1604 1982 1.

552 2015 702 2065 Idem.
1281 2049 1288 2056 .

646 2090 781 2137 CAP.
819 2102 943 2136 vm.
1012 2087 1091 2134 De
1113 2090 1286 2134 natura
1308 2086 1511 2133 siderum

709 2159 987 2219 errantium,
1005 2167 1053 2211 et
1074 2177 1228 2210 eorum
1250 2161 1446 2209 ambitu.

614 2241 833 2303 Singulis
865 2239 1100 2288 attributa
1138 2237 1295 2299 nobis]
1354 2232 1609 2284 Confutat

548 2318 631 2366 liic
657 2318 963 2379 Epicureos,
980 2314 1064 2377 qui
1088 2313 1301 2375 singulis
1319 2309 1606 2358 hominibus

550 2394 775 2455 singulas
800 2391 1023 2441 tributas
1061 2402 1177 2437 esse
1220 2388 1395 2435 stellas
1429 2384 1609 2433 crede-

548 2468 693 2517 bant.
763 2466 825 2514 In
885 2464 1065 2513 eadem
1118 2463 1362 2526 opinione
1404 2458 1505 2509 fuit
1551 2466 1608 2507 et

453 2567 474 2586 ·-
550 2525 994 2603 Manilius’poeti.
1033 2540 1153 2587 Dal.
1222 2536 1443 2596 Singulis
1465 2536 1609 2583 attri-

551 2618 663 2667 buta
684 2616 836 2681 nobis]
859 2616 970 2663 Imo
994 2629 1116 2663 vero
1135 2619 1188 2662 et
1208 2612 1456 2661 Manilius
1471 2626 1610 2661 com-

548 2707 753 2741 munem
779 2692 1149 2751 astrologorum
1171 2696 1379 2737 secutus
1399 2697 1480 2736 est
1497 2702 1610 2736 sen-

551 2768 788 2829 tentiam,
809 2768 1144 2827 horoscopum
1171 2779 1259 2811 seu
1288 2765 1510 2825 positum
1543 2766 1608 2813 si-

553 2843 733 2891 derum
751 2844 998 2890 natalium
1016 2849 1246 2902 tempore
1261 2854 1405 2886 suam
1424 2840 1610 2903 cuique

551 2917 743 2968 bomini
765 2916 1075 2965 distribuere
1109 2921 1296 2962 sortem
1325 2926 1410 2961 ιιι.
1437 2917 1516 2961 38.
1554 2921 1610 2962 et

552 2994 810 3056 Epicurus
849 2992 1018 3039 omnia
1050 2997 1334 3038 atomorum
1357 3003 1609 3037 concursu

554 3069 685 3131 regi,
710 3069 881 3132 nilque
900 3067 965 3114 ab
985 3064 1274 3127 hujusmodi
1293 3063 1459 3112 causis
1486 3077 1609 3126 pen-

553 3143 680 3191 dere
704 3144 766 3191 ad
803 3143 957 3190 animi
984 3139 1409 3202 tranquillitatem
1434 3138 1610 3186 facere

554 3219 894 3281 proculdubio
937 3218 1165 3279 putavit:
1204 3224 1293 3265 aut
1332 3217 1374 3263 si
1405 3217 1612 3266 Stobaeo

554 3295 829 3356 credimus,
852 3294 939 3357 qui
977 3294 1153 3354 Eclog.
1197 3306 1235 3339 ῐ.
1275 3298 1355 3341 25.
1382 3307 1504 3354 pag.
1530 3297 1611 3341 54.

554 3371 619 3416 de
643 3370 736 3416 hac
774 3383 972 3431 quoquc
1012 3383 1066 3415 re
1104 3368 1413 3416 mentionem
1447 3367 1609 3417 facit:

553 3444 642 3491 τοῦ
659 3442 965 3503 ἐνδεχομένου
985 3442 1096 3504 ἧχε.
1166 3444 1513 3493 Quamobrem
1530 3459 1611 3493 me

556 3532 767 3567 suasore
809 3518 980 3564 Plinio
1023 3517 1297 3576 credimus,
1340 3519 1478 3580 vulgi
1523 3520 1612 3569 lias

555 3592 713 3641 fuisse
750 3593 1170 3654 superstitiones:
1228 3592 1518 3653 cujusmodi
1557 3602 1612 3643 et

558 3671 675 3718 aliae
716 3669 837 3717 olim
885 3669 1082 3722 multae,
1126 3674 1180 3715 et
1234 3668 1428 3720 utinam
1474 3683 1610 3718 nunc

557 3758 734 3792 omnes
772 3742 972 3792 desitae.
1041 3742 1299 3790 Cas-terum
1335 3741 1400 3790 de
1436 3744 1609 3791 stella-

556 3833 666 3868 rum
691 3835 811 3869 casu
840 3820 953 3868 vide
977 3819 1126 3868 Hier.
1152 3820 1295 3880 Mag.
1321 3818 1385 3866 de
1423 3820 1608 3869 Exust.

556 3894 741 3943 Mundi
783 3909 869 3944 ιιι.
903 3897 951 3942 3.
989 3902 1043 3943 et
1065 3898 1112 3942 7.
1150 3901 1202 3941 et
1239 3893 1415 3942 Laeli-t.
1438 3893 1527 3942 lib.
1555 3908 1609 3943 x.

557 3986 674 4034 pag.
695 3974 808 4020 423.
831 3972 917 4019 ubi
957 3972 1171 4034 Epicuri
1207 3985 1269 4019 ea
1305 3971 1368 4018 de
1408 3985 1461 4018 re
1499 3973 1610 4034 opi·

557 4049 760 4095 nionern
788 4047 965 4095 refert».

628 4121 736 4168 Non
758 4125 892 4169 tanta
904 4124 1020 4170 coelo
1055 4122 1254 4171 societas
1282 4122 1519 4171 nobiscum
1540 4129 1609 4172 est

558 4200 614 4243 ut
651 4200 806 4243 nostro
837 4195 948 4253 fato
986 4197 1197 4245 mortalis
1227 4200 1294 4245 sit
1327 4199 1410 4246 ille
1431 4213 1610 4261 quoque

560 4271 763 4320 siderum
786 4270 979 4333 fulgor]
1001 4271 1118 4320 Non
1140 4273 1220 4322 ilie
1243 4273 1403 4323 habet
1434 4287 1602 4322 exem-

1239 423 1453 474 NOTAE
1506 417 1907 467 VARmRUM
1959 416 2036 461 IN

1674 562 1789 624 plar
1808 559 2054 608 Toletan.
2075 554 2163 604 sed
2186 554 2275 609 ibi,
2290 543 2604 599 'venustiore
2628 562 2734 612 pro·

1674 637 1923 688 culdubio
1948 648 2121 682 sensu.
2157 631 2377 679 Pintian.

1744 712 1904 761 Nimio
1927 712 2169 768 alimento,
2190 706 2297 769 ξω]
2336 701 2670 755 cleomedes,
2685 703 2739 749 li·

1674 787 1780 836 bris
1803 786 2028 842 κυκλικῆς
2062 781 2270 844 θεωρίας,
2309 779 2505 839 sidera,
2546 778 2739 837 stellas,

1677 873 1833 919 astra,
1880 862 2083 921 oceani,
2138 870 2404 921 terraeque
2461 853 2736 915 vaporibus

1677 942 1742 989 ali
1784 939 2028 999 credidit,
2060 935 2301 1000 quoniam
2349 931 2606 980 alimento
2640 929 2737 990 pri-

1679 1023 1828 1065 vatus
1846 1014 1979 1078 ignis
2004 1015 2172 1062 statim
2200 1009 2550 1071 extinguitur.
2594 1006 2736 1068 Virg.

1676 1092 1692 1119 ⁴
1716 1092 1962 1140 Convexa
2019 1090 2168 1152 polus
2210 1086 2332 1134 dum
2399 1082 2581 1130 sidera
2631 1095 2737 1143 pas·

1679 1166 1797 1217 cet.'
1839 1164 2019 1225 Λίμνην
2041 1166 2178 1213 enim
2203 1160 2291 1218 τὴν
2313 1158 2570 1208 θάλατταν
2590 1158 2735 1204 etiam

1679 1244 1940 1292 Homerus
1983 1248 2153 1289 vocat.
2222 1239 2367 1286 Zeno
2413 1234 2557 1296 apud
2592 1231 2738 1279 Lae'r-

1679 1320 1807 1367 tium
1856 1318 1955 1366 ait:
2007 1315 2072 1363 τὰ
2127 1313 2281 1376 ἄστρα
2320 1310 2508 1372 ἔμπυρα
2547 1307 2739 1371 τρέφειν·

1679 1400 1772 1451 θαι,
1805 1394 1892 1443 τὸν
1923 1393 2011 1454 μὲν
2043 1392 2184 1450 ἥλιον
2222 1391 2275 1437 ἐκ
2311 1385 2538 1448 μεγάλης
2577 1384 2742 1433 vandr-

1677 1488 1781 1533 της,
1798 1472 1890 1530 τὴν
1918 1470 1968 1520 δὲ
2003 1468 2211 1527 σελήνην
2254 1467 2309 1514 ἐκ
2351 1462 2603 1524 ποταμίων
2642 1459 2740 1509 ὑδά-

1677 1564 1791 1608 των,
1833 1547 1895 1595 τὰ
1918 1547 1957 1593 δ’
1981 1545 2113 1594 ἄλλα
2144 1542 2238 1591 ἀπὸ
2270 1544 2362 1599 τῆς
2392 1542 2505 1600 γῆς,
2588 1538 2741 1600 Cujus

1679 1622 1950 1671 sententiae
1985 1628 2042 1670 et
2078 1621 2200 1669 alios
2246 1626 2491 1667 auctores
2532 1615 2744 1664 adducit

1681 1698 1830 1746 Hier.
1869 1698 2014 1760 Mag.
2050 1697 2116 1745 de
2158 1691 2346 1744 Mundi
2383 1695 2574 1742 Exust.
2602 1707 2640 1740 r.
2668 1696 2742 1741 13.

1682 1779 1738 1822 et
1770 1777 1849 1821 16.
1883 1781 1939 1822 et
1978 1787 2088 1836 seq.
2113 1778 2168 1819 et
2188 1772 2368 1818 Theon
2409 1783 2574 1829 super
2599 1767 2741 1816 Arat.

1683 1863 1800 1911 pag.
1828 1852 1936 1897 108.
1973 1847 2136 1896 ἷστέον
2151 1848 2188 1894 δ’
2209 1846 2282 1894 ὅτι
2298 1844 2329 1903 ἦ
2351 1846 2441 1891 τοῦ
2458 1844 2661 1905 οὐρανοῦ
2681 1843 2744 1890 ni-

1681 1940 1814 1986 νησις
1829 1922 2014 1984 ’γίνεται
2028 1923 2083 1971 ἔκ
2097 1940 2233 1971 τινων
2254 1919 2615 1979 ἀναθυμιάσεων
2630 1919 2746 1967 κατὰ

1681 2000 1766 2048 τὸν
1787 2000 2002 2062 φυσικὸν,
2036 2000 2089 2048 αἵ
2104 2016 2229 2047 τινες
2248 1996 2584 2058 ἆναθυμιάσεις
2601 1998 2748 2058 ῥυθμῷ

1681 2076 1772 2126 τινὶ
1789 2077 1930 2125 αὐτὸν
1945 2077 2142 2126 κινοῦσι.
2210 2076 2371 2124 Error
2395 2083 2546 2122 ortus
2570 2088 2636 2121 ex
2659 2089 2744 2137 op—

1682 2153 1814 2202 tices
1839 2153 2145 2216 ignorantia,
2175 2151 2574 2214 generatimque
2598 2164 2747 2198 accu-

1682 2236 1810 2277 rat-oe
1866 2227 2231 2290 Philosophiae.
2326 2226 2527 2273 Totum
2599 2239 2748 2287 porro

1682 2305 1818 2353 hunc
1849 2306 2022 2353 locum
2045 2302 2204 2350 Plinii
2227 2300 2474 2349 lubenter
2510 2300 2586 2347 ita
2614 2301 2749 2361 lege·

1683 2380 1806 2428 rim:
1847 2380 1980 2427 Hinc
2002 2379 2241 2426 redeamus
2260 2378 2323 2424 ad
2358 2374 2548 2437 reliqua
2577 2376 2749 2429 sidera,

1681 2471 1786 2518 quoe
1807 2459 1952 2521 affixa
1972 2455 2183 2503 diximus
2214 2453 2405 2514 mundo,
2435 2467 2532 2499 non
2561 2452 2665 2510 illa,
2699 2458 2750 2499 nt

1683 2532 1930 2581 existimat
1949 2532 2143 2592 vulgus,
2176 2529 2382 2590 singulis
2402 2528 2645 2576 attributa
2670 2542 2748 2574 no-

1683 2607 1772 2667 bis,
1801 2609 2198 2669 adnumerataque
2219 2604 2519 2665 mortalibus,
2543 2608 2594 2651 et
2625 2605 2747 2650 clara

1683 2684 1926 2743 divitibus,
1940 2684 2122 2731 minora
2135 2681 2436 2744 pauperibus,
2457 2680 2658 2729 obscura
2673 2681 2748 2727 de-

1668 2761 1840 2824 fectis,
1877 2776 1932 2809 ac
1971 2775 2058 2822 pro
2091 2763 2218 2807 sorte
2259 2757 2487 2819 cujusque
2530 2756 2745 2810 lucentia,

1683 2852 1766 2886 nec
1784 2852 1886 2885 cum
1908 2852 2009 2896 suo,
2028 2838 2108 2896 ᾅτ.
2141 2834 2330 2882 Dalec.

1751 2913 1983 2961 Decidere
2015 2910 2297 2972 creduntur]
2356 2901 2552 2970 '‘Saepe
2593 2907 2745 2954 etiam

1685 2990 1860 3036 stellas
1887 2993 2041 3036 vento
2064 2985 2368 3047 impellente
2381 2981 2589 3030 videbis
2605 2982 2745 3029 Prae-

1686 3064 1874 3125 cipites
1896 3064 2028 3110 coelo
2062 3061 2186 3121 labi,
2219 3061 2492 3122 noctisque
2517 3073 2616 3121 per
2648 3073 2748 3103 um-

1686 3139 1802 3186 bras
1835 3139 2176 3186 Flammarum
2217 3137 2395 3196 longos
2434 3150 2463 3180 a
2506 3141 2657 3195 tergo
2679 3135 2747 3182 al·

1687 3214 1901 3262 bescere
1961 3209 2190 3261 tractus-²
2280 3210 2605 3258 Ptolemaeus
2656 3210 2745 3257 δια-

1689 3287 1810 3336 θέειν
1832 3289 2024 3349 stellas‚
2051 3288 2330 3339 discurrere,
2352 3284 2504 3331 dixit.
2576 3283 2739 3331 Panlo

1687 3359 1806 3427 post
1831 3380 1873 3413 c.
1899 3368 1980 3412 36.
2006 3363 2336 3425 trajectiones
2358 3374 2450 3406 eas
2474 3365 2532 3407 et
2558 3360 2748 3407 emica-

1689 3442 1855 3488 tioues
1877 3445 2057 3487 auctor
2077 3433 2581 3486 vocat‘discnrsus.'
2631 3435 2748 3482 Αηι-
2778 3494 2783 3500 ¹

1687 3518 1883 3563 mianus
1930 3512 2265 3561 Marcellinus
2327 3525 2445 3558 eum
2489 3509 2748 3573 fulgorem

1689 3592 1919 3653 appellat
1956 3588 2121 3652 δίφρου
2164 3586 2334 3644 ὁλκὴν,
2369 3586 2522 3649 quasi
2565 3600 2747 3635 currus

1686 3667 1920 3714 orbitam.
1987 3667 2331 3712 Transversas
2356 3662 2539 3710 stellas
2580 3670 2634 3710 et
2668 3676 2748 3709 ca-

1687 3740 1887 3803 dentes,
1914 3755 2027 3803 quae
2063 3737 2437 3801 praetervolsnt
2476 3744 2533 3783 et
2569 3744 2747 3785 secant

1688 3816 1828 3876 aera,
1871 3818 2069 3864 Seneca
2113 3821 2303 3862 vocat:
2340 3811 2601 3874 ἇποῤῥοίας
2635 3828 2746 3861 esse

1687 3893 1947 3940 stellarum
1969 3889 2139 3940 Graeci
2167 3895 2370 3951 putant.

1752 3967 1848 4015 Suo
1887 3965 2302 4016 demonstrabimus
2337 3962 2460 4024 loco]
2496 3961 2634 4011 Vide
2679 3963 2748 4011 lo·

1687 4056 1800 4089 cum
1817 4043 1909 4090 sub
1933 4042 2084 4089 finem
2109 4040 2259 4101 hujus
2276 4038 2413 4087 libri.
2442 4054 2452 4063 ·

1753 4120 1949 4173 Quando
1971 4119 2031 4165 ad
2053 4132 2154 4166 eam
2187 4119 2289 4164 tota
2320 4115 2552 4177 pertinet,
2575 4114 2743 4174 Signi·

1673 4186 1776 4253 seri
1797 4198 1930 4244 modo
1954 4188 2306 4244 inventionibus
2322 4206 2416 4240 non
2434 4191 2626 4253 dilatis]
2658 4191 2742 4239 Sic

1684 4271 1832 4320 Vett.
1854 4270 2003 4321 codd.
2026 4270 2126 4334 leg.
2162 4270 2238 4318 ita
2274 4274 2332 4318 ut
2357 4274 2463 4319 tota
2484 4267 2740 4320 referatur
