3000 4917
856 420 1031 469 ΝΑΤ.
1079 419 1279 469 msr.
1329 420 1473 467 ms.
1521 419 1807 469 xxxiv,
1852 404 1960 471 12.
2337 405 2520 473 4435

321 563 408 630 ihi
465 562 744 628 Curiam
791 562 1064 627 faceret.
1152 561 1537 647 Min-umque
1576 569 1701 641 est,
1738 563 1892 629 illos
1941 568 2172 647 patres
2193 564 2463 630 Socrati
2487 575 2512 604 ²

324 665 580 731 eunctis
611 665 701 728 ab
730 663 972 729 eodem
1001 664 1152 728 Deo
1182 664 1522 746 sapientia
1550 665 1830 749 praelato
1861 665 2304 748 Pythagoram
2334 679 2510 749 proe-

322 768 575 843 tulisse,
614 773 737 830 aut
799 773 909 830 tot
971 766 1128 830 aliis
1177 766 1416 831 virtute
1466 766 1919 844 Alcibiadem,
1973 773 2089 831 aut
2132 783 2512 851 quenquam

323 874 598 950 utroque
615 879 644 905 ⁴
685 866 1152 931 Themistocli.
1242 865 1715 931 Columnarum
1747 866 1917 932 ratio
1958 872 2124 947 erat,
2152 868 2373 934 attolli
2401 887 2515 933 su-

322 988 437 1051 pra
461 973 726 1033 ceteros
768 970 1130 1033 mortales:
1175 967 1360 1050 quod
1386 975 1454 1032 et
1495 987 1693 1033 areus
1721 968 2102 1051 significant
2123 970 2380 1035 novitio
2411 971 2519 1034 in-

320 1075 536 1135 vento.
625 1068 897 1133 Primus
944 1075 1162 1133 tamen
1207 1068 1421 1132 honos
1464 1069 1675 1153 coepit
1719 1087 1763 1132 a
1811 1068 2103 1136 Graecis.
2190 1069 2516 1155 Nullique

321 1172 604 1234 arbitror
636 1170 868 1253 plures
897 1176 1152 1235 statuas
1181 1169 1467 1248 dicatas,
1515 1190 1716 1254 quam
1766 1170 2090 1236 Phalereo
2136 1171 2472 1238 Demetrio
2489 1169 2518 1207 ‘¹

326 1271 627 1336 Athenis.
718 1271 1063 1355 Siquidem
1094 1280 1390 1336 coelat.e
1436 1280 1762 1351 statuere,
1792 1272 2083 1336 nondum
2123 1292 2299 1337 anno
2344 1274 2519 1337 hune

320 1392 665 1437 numerum
707 1371 958 1437 dierum
993 1371 1386 1450 excedente,
1429 1391 1602 1455 quas
1645 1391 1807 1438 mox
1861 1371 2287 1439 laceravere.f
2365 1373 2519 1440 Sta-

317 1480 627 1539 tuerant²
670 1472 914 1538 Romae
952 1473 1163 1538 etiam
1209 1473 1280 1536 in
1326 1474 1639 1539 omnibus
1667 1476 1839 1540 vicis
1888 1475 1971 1541 G.
2012 1475 2238 1541 Mario
2291 1471 2518 1541 Grati-

382 1641 404 1664 ⁰
446 1634 662 1698 Utraque
682 1637 839 1688 laude.

1241 1732 1608 1754 oueeeeeeeeo

316 1829 474 1892 credo,
502 1843 559 1879 nc
580 1794 833 1895 Sylla—2
869 1829 954 1881 Ita
994 1846 1059 1882 ex
1095 1807 1263 1885 codd:
1286 1832 1589 1885 Harduiuus
1623 1839 1678 1883 et
1720 1839 1940 1884 reeentt.
1998 1832 2246 1896 Siquidem
2266 1827 2531 1914 CCCLX.

1319 1979 1537 2030 NOTAE

377 2080 401 2107 θ
438 2073 658 2136 Socrati]
691 2075 828 2126 Vide
853 2090 1009 2141 supra
1033 2090 1132 2127 vn.
1156 2080 1239 2127 ³1.

380 2149 404 2183 ‘²
442 2151 718 2215 Demetrio]
752 2151 978 2217 Agamus
1000 2153 1066 2202 de
1087 2168 1150 2203 eo
1172 2155 1224 2201 in
1248 2152 1387 2203 Auc-

324 2233 494 2275 torum
518 2226 726 2277 Indice.

334 2367 339 2368 .
381 2309 403 2335 θ
439 2299 689 2365 Siquidem
732 2301 1007 2367 CCCLX-J
1041 2303 1129 2354 Ita
1168 2301 1301 2367 Reg.
1338 2307 1389 2353 2.

319 2377 471 2428 Colb.
511 2383 562 2429 3.
603 2393 885 2445 omnesque
923 2379 1069 2429 editi.
1134 2379 1303 2430 Varro
1337 2396 1388 2429 a·

319 2452 429 2516 pud
475 2454 706 2503 Nouium
743 2456 820 2503 sic
861 2456 1111 2519 scriptum
1149 2456 1389 2521 reliquit:

319 2528 334 2553 ‘
359 2525 462 2576 Hic
488 2528 794 2578 Demetrius
818 2544 985 2580 eneas
1008 2538 1088 2581 tot
1107 2530 1252 2595 aptu'
1291 2538 1392 2593 est,

322 2599 461 2670 Quot
498 2604 646 2653 luces
686 2619 848 2653 annus
889 2603 1047 2655 habet
1087 2606 1392 2658 absolutus!

318 2677 536 2728 Modum
560 2679 681 2728 anui
708 2678 886 2730 Graeci
920 2680 1080 2730 fuisse
1118 2689 1227 2731 tum
1264 2689 1389 2732 tem·

320 2753 459 2816 poris
482 2755 688 2804 dierum
714 2754 971 2807 duntaxat
999 2758 1256 2809 CCCLX.
1281 2768 1388 2809 tum

319 2843 385 2900 ex
407 2827 509 2893 his,
528 2831 888 2897 similibusque
923 2832 1251 2898 testimoniis,
1282 2843 1390 2884 tum

319 2920 384 2952 ex
428 2899 673 2956 Cleobuli
720 2906 1022 2971 aeuigmate,
1066 2908 1203 2973 quod
1251 2908 1390 2973 apud

320 2977 588 3030 Laenium
613 2989 710 3044 est,
731 2984 900 3046 colligi
935 2989 1124 3048 putant
1160 2983 1394 3034 nonnulli

318 3062 465 3123 recte
489 3072 664 3121 posse.
731 3059 828 3108 Est
853 3059 990 3108 enim
1016 3057 1269 3122 ejusmodi
1294 3061 1392 3109 La·
1418 3087 1422 3091 ·

323 3130 431 3178 tine
464 3132 752 3188 ,redditum
779 3149 792 3179 ε
843 3134 859 3162 ‘
884 3134 1128 3183 Bisscnos
1185 3135 1394 3199 genitor

319 3213 469 3254 natos
489 3205 652 3257 habet
677 3223 833 3258 unns:
871 3216 926 3257 at
949 3207 1127 3260 horum
1149 3209 1252 3259 Ter
1271 3218 1392 3260 sunt

319 3281 509 3346 cuique
544 3282 731 3332 decem
769 3290 926 3346 natae,
948 3285 1180 3335 variante
1208 3283 1392 3350 figura.

321 3355 534 3422 Quippe
571 3356 686 3407 aliis
728 3360 871 3409 color
914 3367 996 3409 est
1039 3361 1205 3416 albus.
1243 3359 1392 3425 niger

320 3430 517 3482 inditus
551 3433 690 3485 illis:
728 3435 1031 3486 Immortale
1067 3451 1232 3501 genus
1273 3452 1391 3488 cum

320 3508 442 3569 sint,
462 3508 752 3559 moriuntur
778 3512 1049 3576 utruque)
1117 3513 1233 3565 Hoc
1256 3514 1390 3565 euim

325 3586 546 3647 aenigma
588 3593 696 3635 tam
736 3601 926 3637 anunm
967 3587 1151 3638 diebus
1205 3588 1392 3640 confici

323 3661 577 3711 trecentis
613 3670 669 3712 et
701 3676 789 3712 Lx.
815 3669 968 3729 quarn
998 3666 1227 3729 singulos
1252 3682 1392 3717 men-

323 3733 408 3783 ses
430 3737 646 3787 tricenis
673 3741 947 3803 perspicue
973 3742 1255 3806 siguificat.
1289 3744 1390 3794 Ve-

323 3824 439 3860 rum
482 3812 547 3860 ad
595 3827 660 3863 ea
702 3815 1029 3867 nihilominus
1082 3820 1390 3883 scriptorum

324 3895 560 3936 veterum
600 3891 898 3939 testimonia
941 3894 1019 3942 sic
1064 3894 1388 3957 excipimus:

324 3974 513 4033 aunum
532 3962 836 4014 Graecorum
859 3966 1111 4029 ejusmodi
1135 3967 1316 4033 fuisse,
1334 3980 1394 4021 ut

322 4036 450 4086 licet
472 4036 659 4087 diebus
697 4038 1055 4093 absolveretur
1087 4045 1392 4097 CCCLXV.

321 4126 443 4160 cum
499 4114 811 4178 quadrante,
855 4115 906 4166 iu
951 4133 1016 4168 eo
1070 4128 1240 4169 tamen
1294 4125 1392 4173 soli

325 4186 584 4241 CCCLX.
623 4192 871 4242 ordinarii
913 4210 972 4244 ac
1018 4195 1214 4260 proprii
1252 4212 1392 4248 com·

324 4263 468 4313 muni
511 4266 720 4329 Judieio
773 4279 1146 4334 censerentur-5
1191 4272 1409 4339 reliqui„

1462 2077 1608 2126 velut
1628 2074 1891 2140 appendix
1913 2073 2151 2141 quedam
2186 2078 2243 2124 et
2280 2072 2528 2133 accessio,

1463 2151 1533 2201 ab
1554 2141 1667 2214 ipso
1686 2152 1808 2200 anni
1830 2164 2044 2214 corpore
2069 2148 2268 2212 rejecti,
2290 2162 2387 2197 ceu
2411 2161 2528 2211 per-

1463 2227 1629 2291 egrini
1679 2241 1742 2275 ac
1791 2221 2061 2294 superflui,
2098 2225 2428 2288 conjectique
2471 2223 2528 2272 iu

1464 2302 1663 2353 calcem
1688 2304 1911 2353 auctarii
1933 2304 2064 2351 loco.
2119 2300 2333 2364 Adjecit
2353 2308 2528 2349 autem

1464 2379 1669 2428 Plinius
1708 2379 1950 2440 animum,
1981 2392 2097 2427 cum
2143 2390 2331 2426 annum
2377 2375 2531 2434 dicit,

1465 2453 1533 2501 ad
1574 2453 1830 2503 Juliauam
1878 2451 2114 2508 formam,
2168 2456 2226 2500 et
2280 2455 2528 2499 mensium

1465 2527 1908 2583 distributionem,
1956 2528 2009 2577 in
2054 2540 2158 2590 qua
2207 2525 2257 2573 hi
2302 2525 2527 2589 quinque

1465 2604 1576 2653 dies
1595 2605 1645 2653 in
1665 2619 1853 2654 annum
1873 2606 2040 2668 ipsum
2059 2603 2259 2667 recepti
2281 2610 2422 2661 sunt,
2440 2617 2530 2651 va-

1466 2681 1661 2746 riisque
1696 2682 1957 2732 mensibus
1995 2679 2360 2744 superfusi.—‘
2388 2677 2528 2729 Hinc

1465 2771 1590 2806 vero
1646 2758 1985 2822 intelligimus
2039 2758 2090 2806 in
2143 2763 2255 2806 tota
2298 2755 2527 2815 Gracia,

1466 2848 1627 2898 usque
1674 2835 1741 2883 ad
1791 2842 2028 2896 tempora
2078 2831 2299 2882 Caesaris
2348 2831 2529 2880 Dicta·

1466 2910 1616 2964 toris,
1659 2907 1821 2959 fuisse
1863 2923 2065 2959 meuses
2103 2905 2332 2971 singulos
2374 2908 2531 2956 trice-

1466 3000 1589 3034 num
1613 2985 1813 3034 dierum
1834 3002 1847 3032 ι
1882 2984 1957 3035 ita
1986 2991 2044 3033 ut
2067 2998 2230 3033 annus
2254 2997 2354 3031 nou
2376 2996 2530 3031 exce·

1466 3062 1620 3110 deret
1653 3074 1921 3109 numerum
1958 3061 2155 3108 dierum
2181 3057 2440 3107 CCCLX.
2470 3064 2533 3114 ut

1466 3133 1670 3185 Plinius
1701 3133 1894 3185 refert:
1933 3133 2093 3185 tertio
2121 3141 2300 3183 autem
2322 3146 2529 3200 quoque

1465 3226 1602 3261 auno
1623 3210 1955 3260 embolimum
1975 3216 2180 3273 tempus
2198 3206 2534 3269 couveniens,

1467 3288 1764 3355 quindecim
1807 3287 2052 3337 videlicet
2085 3285 2380 3337 sedecimve
2418 3285 2530 3333 die-

1466 3379 1599 3422 rum,
1622 3364 2042 3425 intersereretur,
2058 3364 2155 3412 τῶν
2168 3361 2322 3426 ὡρέων
2337 3360 2534 3423 εἵνεκεν,

1465 3447 1525 3488 ut
1550 3439 1623 3488 ait
1647 3433 1906 3488 Herodot.
1930 3452 1993 3488 ιι.
2020 3441 2071 3488 4.
2095 3437 2194 3487 hoc
2220 3443 2321 3498 est,
2344 3444 2401 3485 ut
2424 3437 2532 3485 sais.

1467 3511 1872 3578 tempestatibus
1895 3527 2097 3563 menses
2120 3513 2529 3576 responderent:

1465 3590 1685 3655 hyberni
1709 3591 1898 3655 hyemi,
1920 3583 2088 3639 anitati
2112 3590 2296 3639 aestivi.
2352 3587 2416 3638 Iu
2432 3588 2532 3638 hoe

1465 3669 1604 3719 enim
1628 3665 1897 3733 IEgyptios
1919 3668 2123 3718 Graeeis
2144 3666 2304 3717 fuisse
2326 3665 2534 3728 sapien-

1466 3746 1626 3795 tiores
1671 3753 1851 3795 eenset
1904 3743 2238 3803 Herodotus;
2272 3740 2410 3805 quod
2454 3740 2531 3789 illi

1466 3836 1568 3870 non
1592 3820 1887 3887 quindecim
1910 3818 2023 3869 dies
2057 3818 2345 3883 adjicerent
2370 3818 2530 3868 tertia

1467 3912 1675 3961 quoque
1701 3912 1857 3957 anno,
1877 3894 1968 3945 sed
2004 3895 2151 3948 anuis
2183 3895 2395 3959 singulis
2419 3895 2532 3943 dies

1466 3972 1734 4039 quinque.’
1768 3974 1863 4021 Ed.
1897 3971 2194 4021 sea—Vide
2229 3971 2420 4020 Petav.
2462 3969 2530 4018 de

1466 4049 1650 4099 Doctr.
1681 4049 1934 4112 Temp..1.
1953 4052 2004 4098 8.
2039 4062 2094 4111 p.
2118 4051 2199 4097 16.
2233 4053 2307 4110 et,
2341 4046 2433 4110 qui
2464 4046 2531 4094 ab

1472 4139 1535 4174 eo
1566 4123 1806 4185 dissidet,
1836 4124 2121 4173 Samuelem
2147 4122 2380 4173 Peritum
2404 4122 2532 4171 Mis·
2595 4151 2606 4158 -

1472 4201 1593 4251 cella
1620 4213 1745 4250 vm.
1769 4204 1815 4248 1.
1837 4215 1889 4264 p.
1915 4202 2028 4248 191.

1538 4272 1560 4342 ἶ
1588 4276 1722 4333 Quas
1754 4289 1868 4326 nox
1901 4273 2185 4338 lac-meere]
2215 4271 2406 4325 Strabo
2437 4268 2530 4321 lib.
