3000 4917
832 378 1009 426 Nar.
1050 377 1254 428 msr.
1308 376 1447 426 mn.
1496 376 1790 428 xxxvl.
1832 363 1943 427 49.

286 524 481 589 circa
529 523 821 589 Romam
854 522 1204 600 Fidenati,
1256 529 1327 586 et
1368 510 1663 587 Albano.

2327 361 2505 425 4765

1756 520 1837 586 In
1890 519 2159 604 Liguria
2205 539 2503 606 quoque,

290 626 621 691 Umbria‘
663 633 731 690 et
763 625 1069 704 Venetia,
1104 626 1301 689 albus
1326 624 1503 707 lapis
1535 624 1808 688 dentata
1841 641 2022 687 serra
2050 629 2338 687 secatur.
2406 622 2508 687 Hi

290 730 693 795 tractabiles
743 729 812 791 in
850 747 1086 810 -epere,
1128 728 1426 792 laborem
1447 728 1475 765 θ
1517 746 1785 811 quoque
1833 727 2138 801 tolerant,
2172 726 2300 788 sub
2321 730 2508 790 tecto

290 830 684 896 duntaxat.⁸¹

772 829 1149 913 Aspergine
1207 836 1276 895 et
1330 830 1485 911 gelu
1542 830 1931 914 pruinisque
1990 832 2381 911 rumpuntur
2438 827 2510 890 iu

298 937 566 997 testas:
608 953 738 997 -nec
788 940 1017 997 eontra
1059 934 1372 997 humores
1419 940 1489 997 et
1529 952 1760 998 auram
1806 932 2009 996 maris
2035 928 2309 995 robusti.

2391 928 2513 993 Ti-

298 1035 553 1099 burtini
592 1035 677 1098 ad
709 1036 961 1118 reliqua
988 1035 1240 1114 -forteS‚
1273 1047 1566 1118 vapore‘
1607 1035 1995 1099 dissiliunt.v

395 1153 626 1201 xmx.
673 1137 870 1218 Nigri
921 1138 1154 1201 silices
1207 1138 1481 1221 optimi:
1530 1139 1924 1222 quibusdam
1968 1137 2036 1200 in
2079 1136 2254 1201 loeis
2299 1143 2365 1202 et
2406 1157 2513 1203 ru*-

302 1241 563 1304 benteS.
646 1238 1142 1322 Nonnnsquam
1172 1240 1191 1273 ¹
1241 1248 1448 1304 vere⁸
1482 1244 1560 1304 -et
1606 1240 1763 1316 albi,
1812 1240 1994 1304 sicut
2039 1239 2110 1302 in
2155 1240 2516 1322 Tarquini·

304 1342 449 1404 ensi
484 1339 833 1405 Anicianis
854 1337 881 1377 b
923 1340 1317 1424 lapicidinis
1348 1341 1530 1406 eirca
1561 1342 1787 1406 laeum
1817 1341 2338 1406 Volsiniensem.
2427 1340 2520 1406 Et

288 1443 375 1506 -in
398 1442 821 1507 Statoniensi
841 1448 868 1478 ²
900 1449 1082 1520 sunt,
1107 1442 1359 1527 quibus
1384 1458 1469 1507 ne
1495 1444 1672 1525 iguis
1695 1441 1966 1526 quidem
1993 1449 2211 1507 nocet.
2295 1441 2517 1507 Iidem

304 1550 376 1608 et
414 1544 496 1607 ›in
543 1544 1003 1608 monumentis
1046 1543 1341 1627 scalpti,³
1388 1552 1628 1610 contra
1668 1549 2067 1610 vetustatem
2097 1562 2374 1629 quoque
2416 1543 2517 1609 in·-

372 1707 404 1741 ἆ
439 1710 604 1760 onera
624 1714 871 1760 tectorum.

1231 1835 1447 1859 αδδ*

1449 1838 1603 1861 ω«0

377 1938 517 1987 car.
539 1950 695 1986 ειη.
761 1940 789 1985 1
829 1937 1179 2000 Nonnunquam
1193 1936 1309 1987 cod.
1328 1938 1617 1988 Belem—2
1649 1937 1954 1988 &rutenensi
1970 1937 2090 1988 eod.
2115 1938 2397 1988 nalem-28
2433 1937 2522 1987 Ita

311 2001 578 2052 Hardiiin.
606 2007 653 2051 1.
668 2005 783 2051 2.8.
807 2008 862 2051 et
883 2008 1107 2052 receutt.
1163 2006 1215 2051 et
1246 2003 1299 2052 in
1317 2008 1616 2053 neumenia
1634 2004 2057 2068 scalptiGronov.
2079 2010 2137 2054 et
2155 2004 2332 2067 vulgg.
2399 2009 2450 2054 et
2469 2003 2523 2052 in

1321 2165 1539 2216 NOTAE

382 2288 404 2314 ⁸
435 2279 551 2330 Atia
573 2276 798 2340 mollitia]
831 2276 1108 2327 Vitruvius
1151 2291 1213 2328 n.
1234 2281 1303 2330 ’7.
1331 2293 1385 2343 p.

317 2434 456 2497 quit,
476 2441 492 2464 ⁸
516 2431 633 2481 aliae
653 2430 857 2492 molles,
881 2429 956 2477 uti
977 2436 1099 2479 sunt
1126 2431 1268 2480 cirea
1287 2431 1390 2480 Ur-

316 2510 440 2559 bem
458 2508 645 2570 rubrae,
659 2505 968 2569 Pallienses‚
981 2504 1281 2563 Fidenates,
1298 2504 1388 2555 Al-

315 2582 512 2644 bauae,’
536 2586 638 2632 &c-

386 2660 404 2692 t
428 2657 666 2720 Umbria]
723 2657 994 2707 Vitruvius
1033 2657 1137 2706 loc.
1173 2656 1263 2707 cit.
1286 2663 1301 2687 ‘
1326 2656 1390 2706 In

317 2735 563 2799 Umbria,
573 2741 626 2784 et
642 2733 860 2797 Piceno,
875 2740 931 2782 et
945 2732 1191 2793 Venetia,
1205 2732 1392 2797 tophus

320 2810 497 2872 albus,
538 2809 629 2874 qui
666 2809 823 2859 etiam
865 2822 1012 2856 serra
1046 2807 1285 2873 dennta,
1315 2807 1394 2858 uti

316 2887 537 2951 lignum,
560 2883 808 2934 secatur-⁹

387 2971 413 2996 ¹¹
444 2961 547 3011 Sub
566 2966 690 3011 tecto
705 2960 970 3023 duntaxat]
1004 2960 1395 3012 Vitruvius-loc.

320 3038 418 3088 eit.
462 3043 477 3067 ‘
494 3037 557 3085 Si
581 3042 701 3088 sunt
725 3037 785 3085 in·
798 3037 996 3101 apertis
1020 3042 1075 3086 et
1096 3034 1395 3100 patentibus

320 3114 472 3176 locis,
506 3113 764 3177 gelicidiis
800 3119 856 3162 et
893 3114 1092 3177 pruinis
1128 3122 1396 3177 congesta,

322 3189 555 3241 friantur
575 3194 630 3238 et
645 3189 1031 3239 dissolvuntur:
1072 3191 1197 3239 item
1213 3205 1397 3241 seeun-

324 3266 449 3314 dum
472 3280 589 3315 oras
612 3265 895 3314 maritimas
929 3265 993 3314 ab
1021 3266 1282 3326 salsugine
1306 3280 1396 3315 ex·

323 3355 417 3390 esa
436 3340 704 3401 diffluunt,
724 3354 896 3404 neque
912 3339 1191 3404 perferunt
1206 3339 1400 3389 aestus!

387 3424 412 3449 ⁷
441 3416 630 3478 Vupore
650 3414 920 3477 dissiliunt]
945 3415 1249 3464 Vitruvius:
1277 3414 1397 3475 ‹Ti-

321 3492 544 3543 bur-tina
566 3506 714 3553 vero,
736 3499 794 3540 et
830 3505 945 3554 quae
979 3491 1164 3540 eodem
1207 3504 1399 3554 genere

323 3576 449 3618 sunt
473 3567 668 3627 omnia,
687 3564 944 3616 sufferunt
977 3573 1033 3615 et
1052 3565 1117 3614 ab
1136 3566 1399 3624 oneribus,

323 3650 384 3693 et
416 3657 451 3692 u
489 3642 895 3705 tempestatibus
932 3641 1179 3705 injuriasz
1218 3641 1310 3691 sed
1333 3641 1401 3691 ab

324 3720 440 3784 igni
458 3733 566 3768 non
587 3726 808 3782 possunt
829 3731 941 3766 esse
964 3724 1112 3766 tuta:
1147 3716 1401 3781 simulque

327 3803 389 3846 ut
412 3802 540 3845 sunt
564 3796 630 3844 ab
652 3809 717 3844 eo
743 3800 909 3853 tacta,
929 3791 1191 3842 dissiliunt
1224 3798 1281 3841 et
1300 3792 1403 3841 dis-

327 3874 570 3936 sipantur
586 3891 602 3922 ε
638 3871 760 3920 ideo
778 3869 915 3935 quod
938 3873 1298 3933 temperatura
1313 3881 1403 3917 na·

328 3948 490 3999 turali
518 3960 682 4011 parvo
706 3953 829 3995 sunt
849 3941 1101 4002 humore:
1121 3945 1221 3991 διο.

391 4031 418 4058 ⁸
451 4023 801 4085 Nmusquam
829 4018 965 4081 vero]
1001 4020 1136 4070 Quae
1168 4021 1403 4066 contrac-

331 4101 466 4151 tiore
490 4100 651 4163 paulo
688 4097 925 4148 eratione
947 4095 1171 4155 Plinius,
1194 4096 1306 4144 haec
1326 4093 1405 4143 fu·

329 4176 468 4226 sior-e
485 4182 544 4225 et
566 4172 927 4238 explanatiore
951 4170 1114 4219 multo
1133 4167 1404 4219 Vitruvius

329 4265 393 4302 11.
415 4255 466 4302 7.
485 4265 542 4315 p.
564 4254 650 4301 27.
680 4249 699 4279 ‘
720 4248 858 4299 Sunt
878 4244 1043 4308 vero,’
1066 4244 1255 4310 inquit,
1285 4251 1302 4275 ⁴
1330 4244 1400 4295 la·

1461 2279 1706 2344 picidiuae
1740 2280 2033 2345 complures
2069 2280 2123 2330 in
2168 2278 2358 2329 fluibus
2399 2278 2528 2327 Tar·

1462 2357 1820 2421 quiniensium,
1833 2372 1948 2422 quae
1968 2357 2211 2406 dicuntur
2228 2353 2497 2405 Anicianae
2516 2371 2530 2403 ε

1462 2434 1637 2483 colore
1662 2434 1889 2499 quidem,
1913 2431 2343 2498 quemadmodum
2368 2430 2529 2501 Alba-

1465 2522 1565 2565 nae,
1583 2523 1797 2572 quarum
1817 2507 2036 2558 officinae
2055 2509 2277 2557 maxime
2292 2516 2413 2559 sunt
2430 2507 2532 2556 cir-

1465 2598 1533 2635 ca
1569 2586 1739 2635 lacum
1777 2586 2193 2635 Vulsiniensem:
2230 2585 2357 2634 item
2393 2597 2530 2648 prse-

1464 2659 1673 2710 fectura
1712 2661 2042 2711 Statoniensi.
2103 2662 2202 2710 '15:ae
2238 2667 2409 2711 autem
2445 2660 2533 2709 ha·

1466 2737 1597 2786 bent
1633 2735 1867 2786 infinitas
1908 2737 2159 2787 virtutes:
2194 2750 2362 2800 neque
2394 2734 2534 2785 enim
2555 2794 2562 2801 Ι

1465 2814 1547 2862 his
1564 2813 1916 2877 gelicidiorum
1928 2819 2032 2862 tem
2040 2820 2409 2876 pestus,neque
2428 2818 2537 2860 tac-

1469 2896 1555 2939 tus
1576 2890 1710 2955 ignis
1734 2896 1909 2953 potest
1928 2903 2119 2938 nocere
2140 2905 2153 2936 ε
2190 2886 2283 2937 sed
2309 2892 2431 2937 suut
2447 2886 2537 2935 fir-

1467 2979 1590 3034 moe,
1625 2971 1680 3016 et
1719 2965 1784 3013 ad
1816 2971 2131 3013 vetustatem
2169 2968 2535 3025 permanentes

1473 3077 1488 3093 .
1509 3075 1523 3091 .
1540 3076 1554 3091 .
1574 3076 1588 3093 .
1604 3041 1668 3091 Id
1692 3048 1863 3089 autem
1901 3040 2124 3088 maxime
2139 3037 2384 3100 judicare
2405 3036 2535 3086 licet

1470 3130 1501 3165 e
1525 3115 1867 3179 monumentis
1888 3128 2004 3178 quoe
2023 3119 2146 3161 suut
2168 3112 2308 3161 circa
2325 3110 2538 3160 munici-

1470 3190 1612 3254 pium
1623 3188 1868 3239 ‘Ferentis
1886 3202 1952 3236 ex
1967 3187 2044 3235 his
2057 3185 2201 3236 facta
2215 3184 2533 3251 lapicidinis:

1472 3280 1694 3331 namque
1715 3264 1907 3315 liabent
1922 3270 1977 3313 et
1995 3268 2195 3312 statuas
2215 3263 2412 3325 amplas
2429 3259 2538 3312 fac·

1473 3350 1556 3391 tas
1590 3341 1823 3406 egregie,
1844 3346 1897 3388 et
1919 3338 2118 3388 minora
2153 3336 2340 3401 sigilla,
2358 3333 2539 3386 flores-

1473 3432 1593 3484 que,
1612 3423 1667 3468 et
1689 3416 1939 3467 acanthos
1972 3415 2244 3475 eleganter
2271 3412 2535 3475 scalptos:

1473 3509 1589 3559 quae
1627 3508 1743 3545 cum
1780 3493 1886 3542 sint
1917 3496 2142 3553 vetusta,
2163 3489 2241 3537 sic
2280 3488 2541 3552 apparent

1474 3572 1729 3634 recentia,
1749 3570 1826 3619 uti
1859 3569 1964 3618 sint
1995 3567 2150 3616 mo'do
2188 3563 2346 3614 facta.
2415 3564 2540 3613 Non

1473 3648 1641 3697 minus
1662 3647 1821 3696 etiam
1860 3643 1994 3694 fabri
2030 3640 2198 3691 aerarii
2221 3641 2288 3689 de
2311 3639 2389 3688 bis
2407 3638 2541 3702 lapi·

1475 3723 1660 3773 cidiuis
1691 3722 1744 3770 in
1768 3720 1888 3770 aeris
1907 3717 2097 3767 flatura
2128 3714 2322 3764 formas
2343 3713 2540 3763 habent

1476 3801 1825 3860 comparatas,
1847 3801 1904 3844 et
1934 3806 2000 3842 ex
2019 3791 2115 3839 'bis
2137 3782 2297 3839 ad'oes
2320 3787 2541 3838 funden·

1476 3874 1599 3924 dum
1622 3872 1875 3923 maximas
1898 3862 2195 3926 utilitates,'
2217 3867 2315 3913 διο.
2379 3864 2540 3915 Hunc

1477 3949 1642 3999 Plinii
1659 3948 1828 3999 locum
1841 3941 2122 4006 exscripsit
2135 3939 2373 3991 Isidorus
2390 3940 2539 4005 Orig.

1479 4039 1608 4076 xxx.
1631 4027 1711 4073 lo.

1545 4100 1569 4135 ¹²
1588 4095 1864 4161 Aniciana]
1893 4095 2019 4146 Sive
2037 4110 2101 4145 ex
2120 4093 2291 4160 aliquo
2305 4094 2537 4144 ‘Etruria

1475 4176 1614 4241 loco,
1630 4182 1686 4224 ut
1711 4170 2104 4236 suspicabamur
2116 4169 2179 4219 ad
2204 4168 2297 4219 lib.
2317 4183 2404 4219 ιιι.
2427 4183 2474 4218 c.
2491 4174 2540 4220 8.

1479 4268 1591 4310 seu,
1614 4250 1754 4317 quod
1775 4262 1914 4299 nunc
1936 4247 2106 4297 verius
2128 4260 2317 4302 remur,
2330 4245 2398 4297 ab
2410 4242 2539 4293 Aui-
