3000 4917
503 372 676 453 4612
1229 399 1296 452 c.
1341 398 1590 451 amun
1631 397 1962 451 succum

501 545 778 628 lygnoto
808 543 1013 628 picti:
1059 545 1468 629 multumque
1508 545 2002 629 comparatione
2046 552 2404 628 superatus
2453 545 2700 612 existi·

500 647 830 725 mabatur,
862 646 1182 729 quoniam
1228 664 1363 710 non
1409 665 1536 711 suo
1585 643 1910 728 genere‘k
1952 648 2304 712 certasset.
2394 647 2591 712 Idem
2628 653 2699 711 et

498 747 851 812 lacunaria
909 748 1159 830 primus
1212 748 1478 830 pingere
1530 748 1855 813 instituit:
1917 767 2041 812 nec
2080 760 2388 813 cameras
2446 745 2700 812 ante⁴¹

497 867 650 913 eum
680 849 907 913 taliter
948 848 1258 913 adornari
1289 867 1435 914 mos
1478 848 1628 912 fuit.
1699 848 1962 913 Parvae
2013 849 2331 933 pingebat
2379 849 2694 927 tabellae,

494 944 919 1032 maximeque
947 969 1214 1032 pueros·
1302 950 1465 1015 Hoc
1495 951 1721 1013 aemuli
1760 968 1910 1013 eum
1950 952 2548 1035 interpretabantur
2589 951 2696 1016 fa-

495 1070 669 1129 cere,
703 1051 1025 1133 quoniam
1053 1050 1289 1115 tarda⁵
1314 1051 1600 1134 picturae
1634 1050 1809 1115 ratio
1834 1057 2016 1116 esset
2041 1053 2182 1116 illa.
2232 1050 2698 1130 Quamobrem

492 1152 624 1216 arti
653 1149 975 1216 daturus⁶
1016 1159 1085 1215 et
1114 1151 1479 1215 celeritatis
1507 1152 1774 1231 famam,
1815 1153 2109 1217 absolvit
2150 1173 2278 1217 uno
2320 1153 2431 1217 die
2480 1156 2693 1219 tabel-

490 1252 652 1330 lam,
682 1272 839 1335 quae
865 1261 1110 1317 vocata
1139 1259 1249 1316 est
1274 1251 1756 1330 HemeresioS,⁷
1772 1259 1815 1288 ω
1855 1272 2067 1337 puero
2109 1256 2321 1337 picto.
2406 1254 2694 1321 Amavit

488 1355 557 1417 in
599 1353 881 1437 juventa
901 1351 1253 1438 Glyceram
1302 1353 1716 1436 municipem
1744 1362 1993 1430 suam,¹²
2036 1356 2473 1422 inventricem
2503 1377 2693 1424 coro·

487 1460 782 1531 ιιαιΊιιιι,ο
821 1454 1271 1536 certandoque
1300 1454 1673 1518 imitatione
1713 1454 1882 1538 ejus»,
1933 1456 2021 1519 ad
2064 1458 2689 1525 numerosissimam

486 1556 721 1621 florum
751 1554 1142 1620 varietatem
1187 1555 1509 1639 perduxit
1538 1562 1750 1620 artem
1780 1556 1989 1623 illam.
2079 1558 2428 1623 Postremo
2456 1556 2692 1644 pinxit

549 1743 576 1768 ⁶
607 1737 720 1787 Non
739 1738 792 1788 in
813 1753 901 1801 quo
920 1720 1126 1790 maxime
1145 1739 1401 1790 excellebat
1415 1751 1591 1801 genere
1607 1737 1823 1801 picture.

1394 1865 1456 1886 00
1461 1864 1764 1887 ‘coenove‘

482 1944 599 1997 eod.
633 1945 767 2009 Reg.
801 1954 857 1997 et
890 1947 1067 1998 Editio
1104 1948 1383 2012 princeps?
1417 1949 1634 1998 Broticr.
1714 1950 1799 1998 Ita
1838 1963 2040 2013 quoque
2074 1950 2191 2000 cod.
2232 1953 2414 2001 Dalec.
2470 1953 2692 2016 parietes

486 2011 699 2074 Thespiis
722 2012 954 2061 Gronov.
978 2013 1041 2062 al.
1067 2021 1196 2062 vett.
1216 2012 1477 2062 Harduin.
1505 2017 1551 2061 1.
1575 2017 1624 2061 2.
1641 2016 1693 2060 3.
1715 2019 1772 2062 et
1795 2019 2119 2062 recentt.—4
2154 2015 2278 2069 Vet.
2319 2017 2505 2067 Dalec.
2540 2018 2686 2067 insti-

478 2076 578 2122 tuit
597 2081 646 2123 et
665 2090 889 2130 cameras,
911 2091 996 2125 nec
1010 2081 1138 2126 unte.
1204 2078 1352 2136 Mox,
1367 2078 1601 2125 adornare
1621 2077 1852 2136 messuit
1884 2077 2001 2126 cod.
2020 2079 2202 2127 Dalec.
2207 2086 2301 2127 —6
2337 2081 2471 2131 Cod.
2489 2083 2686 2133 Dalec

476 2153 573 2187 non
630 2142 789 2189 tarda.
791 2145 889 2191 —6
951 2140 1060 2191 Alii
1098 2155 1184 2206 ap.
1233 2141 1414 2192 Dalec.
1457 2139 1729 2191 additurus.
1735 2145 1825 2190 -7
1871 2142 2215 2193 Hemerousios
2254 2144 2377 2195 Vet.
2424 2147 2597 2196 Dalec
2602 2170 2688 2203 ,ψη

1465 2274 1517 2324 N
1523 2271 1683 2324 01·AE

541 2346 569 2381 ¹¹
602 2349 840 2405 Quoniam
859 2367 954 2401 noa
973 2366 1058 2401 suo
1087 2354 1283 2418 genere]
1314 2354 1534 2403 Pausias
1615 2354 1989 2404 Constantinus
2029 2352 2195 2405 M.·in
2233 2353 2487 2420 Epistola,
2522 2371 2685 2421 quam

474 2423 611 2472 enim
633 2432 897 2487 encausto,
933 2428 1255 2491 Polygnotus
1288 2428 1535 2493 penicillo
1614 2426 1869 2479 Eusebius
1893 2431 2102 2492 recitat,
2124 2430 2190 2480 de
2210 2432 2323 2495 ejus
2344 2432 2474 2481 Vita
2490 2445 2582 2481 ιιι.
2600 2438 2683 2485 32.

473 2499 738 2549 excelluit.
805 2502 1068 2552 Encausto
1091 2505 1323 2568 pingere,
1353 2512 1411 2555 et
1440 2518 1534 2568 pe·
1609 2503 1707 2561 'mv
1726 2502 1784 2553 δὲ
1799 2505 1888 2562 τῆς
1919 2506 2174 2563 βασιλικῆς
2211 2503 2440 2568 καμάραν,
2479 2504 2684 2570 πότερον

470 2574 652 2623 nicillo
669 2576 902 2639 pingere,
920 2575 1204 2631 differunt·
1230 2581 1363 2631 ceris
1385 2580 1534 2644 illud,
1610 2582 1925 2646 λακωναρίαν,
1946 2583 1978 2641 ἢ
2011 2584 2069 2632 δι’
2102 2582 2266 2645 ἑτέρας
2292 2582 2423 2632 τινὸς
2453 2583 2685 2646 ἐργασίαι
2735 2582 2751 2600 “

470 2647 613 2697 istud
636 2650 914 2708 coloribus.

534 2723 552 2756 ¹
583 2725 690 2774 Nec
717 2741 927 2776 cameras
955 2729 1091 2793 uate]
1125 2730 1359 2781 Camere
1390 2732 1531 2782 lacu-

468 2768 674 2848 naribus
696 2800 1032 2865 ornabantur,
1047 2811 1139 2853 aut
1155 2806 1353 2855 musivo
1370 2820 1530 2870 opere

468 2873 833 2937 pingebantur.
935 2878 1061 2940 Ipsa
1128 2880 1393 2930 lacunaria
1445 2882 1529 2931 vel

469 2947 711 2998 deaurari
741 2951 995 3016 solebant,
1036 2955 1121 3004 vel
1159 2956 1305 3020 pingi
1340 2958 1527 3006 colori·

468 3023 583 3078 bus,
626 3025 763 3088 quod
802 3026 1007 3077 Pausiae
1053 3029 1220 3092 primo
1258 3031 1526 3081 inventum

463 3097 579 3150 fuit.
644 3101 811 3149 Vetus
832 3109 1014 3151 auctor
1048 3105 1393 3168 quaestionum
1415 3107 1525 3156 Ve-

466 3173 595 3241 teris
619 3181 675 3224 et
698 3175 837 3224 Novi
854 3176 1003 3227 Test.
1026 3186 1210 3241 quaest.
1234 3184 1346 3229 106.
1376 3180 1394 3208 ‘
1410 3181 1523 3231 Sic-

463 3256 524 3298 ut
548 3250 684 3299 enim
709 3251 773 3298 ad
808 3260 1168 3303 ornamentum
1192 3255 1372 3305 domus
1404 3271 1523 3320 per·

464 3324 617 3387 tinet,
632 3325 674 3373 si
696 3339 904 3375 camera
925 3326 1040 3390 ejus
1059 3327 1250 3379 habeat
1271 3344 1398 3379 auro
1421 3332 1523 3380 dis·

464 3398 630 3447 tincta
650 3398 953 3462 laquearia,'
973 3404 1074 3451 &c.
1142 3403 1376 3454 Isidorus
1404 3419 1525 3457 xix.

463 3475 545 3521 12.
579 3473 597 3499 ‘
619 3472 907 3536 Laquearia
939 3483 1080 3538 sunt,
1115 3492 1234 3540 quae
1262 3492 1522 3529 cameram

462 3547 753 3608 subtegunt
783 3555 840 3598 et
871 3557 1077 3607 ornant,
1098 3567 1213 3615 quae
1236 3561 1292 3602 et
1313 3553 1521 3603 lacuna-

459 3622 538 3671 ria
581 3623 858 3672 dicuntur:
909 3625 1047 3688 quod
1093 3627 1234 3677 lacus
1275 3630 1520 3693 quosdam

459 3697 759 3762 quadratos,
806 3700 886 3748 vel
931 3701 1199 3765 rotundos,
1253 3704 1390 3769 ligno
1436 3707 1521 3756 vel
1559 3722 1568 3728 ·

458 3779 625 3837 gypso
664 3775 746 3824 vel
785 3775 1043 3825 coloribus
1073 3778 1298 3830 habeant
1333 3782 1519 3845 pictos,

457 3862 574 3897 eum
606 3849 764 3912 signis
800 3851 1268 3904 intermicantibus.
1271 3860 1286 3881 ’
1348 3857 1518 3908 Quem

454 3921 648 3972 Isidori
670 3924 839 3975 locum
862 3926 1118 3978 immerito
1134 3929 1413 3982 Salmasius
1437 3946 1519 3983 re·

455 3997 754 4071 prehendit,
773 3999 824 4048 in
844 4002 1002 4052 Notis
1027 4004 1094 4052 ad
1118 4005 1193 4054 121.
1209 4006 1518 4073 Vopiscum,

459 4087 578 4136 pag.
600 4077 716 4123 398.
749 4075 836 4125 ubi
858 4086 1019 4140 negat
1053 4080 1316 4132 lacunaria
1347 4097 1516 4134 came-

455 4148 528 4196 ris
555 4161 780 4213 unquam
816 4153 1086 4215 supposita
1115 4153 1290 4206 fuisse.
1353 4158 1516 4224 Atqui

457 4222 555 4275 boc
597 4224 802 4279 Plinius
844 4225 1043 4280 diserte
1078 4231 1362 4286 confirmat.
1441 4236 1515 4287 Et

1608 2657 1830 2720 ’γενέσθαι
1850 2675 1927 2707 coc
1943 2660 2090 2723 δοκεῖ,
2101 2658 2229 2722 παρὰ
2248 2660 2339 2708 σοῦ
2360 2661 2543 2719 ’γνῶναι
2560 2660 2681 2715 βοῦ

1608 2742 1770 2794 λομαι.
1836 2733 1893 2783 Εἶ
1912 2733 2007 2798 ’γὰρ’
2025 2734 2294 2797 λακωναρῖα
2334 2733 2453 2784 εἶναι
2482 2735 2679 2797 μέλλοι,

1607 2808 1859 2868 δυνήσεται
1889 2811 1973 2860 καὶ
2009 2829 2170 2875 χρυσῳ
2206 2813 2601 2870 καλλωπισθῆναι
2620 2813 2682 2877 ’νὴ

1604 2885 1898 2947 λειπόμενον.
1977 2888 2134 2936 Porro
2168 2902 2403 2937 cameram
2444 2889 2681 2942 Basilica

1606 2966 1767 3010 utrum
1786 2960 2066 3024 laqueatam,
2082 2975 2145 3010 un
2167 2963 2260 3011 alio
2282 2965 2502 3026 quopiam
2520 2966 2679 3027 operis

1601 3051 1774 3098 genere
1792 3035 2071 3095 faciendum
2106 3052 2312 3093 censeas,
2346 3040 2526 3088 certior
2557 3057 2592 3090 a
2628 3046 2680 3091 te

1590 3111 1711 3176 fieri
1730 3112 1892 3160 celim.
1960 3113 2091 3161 Nam
2111 3113 2155 3161 si
2176 3115 2398 3176 laqueata
2414 3114 2534 3178 fiet,
2556 3131 2674 3165 auro

1604 3201 1783 3250 quoquc
1800 3188 1978 3250 poterit
2000 3189 2241 3237 exornari.

1669 3269 1705 3295 ¹⁰
1733 3263 2051 3329 Hcmercsios]
2073 3262 2367 3324 Ἧμερήσως,
2390 3264 2494 3315 diei
2517 3265 2670 3316 unius

1604 3336 1827 3399 pictura.

1666 3419 1690 3443 ¹¹
1714 3412 1969 3477 Glyceram
1989 3413 2272 3478 municipem
2291 3416 2451 3480 suum]
2483 3415 2669 3480 Sicyo-

1602 3488 1738 3536 niam
1770 3489 1946 3550 igitur.
2012 3482 2088 3539 A't
2124 3490 2357 3553 Glycere
2389 3493 2667 3554 meretrix,

1601 3577 1717 3625 qua».
1748 3563 2033 3612 Praxitelis
2055 3564 2221 3613 amica
2243 3579 2274 3614 a
2294 3565 2561 3616 Strabone
2586 3567 2672 3616 dt-

1599 3637 1755 3699 citur,
1773 3637 1864 3687 lib.
1886 3650 1969 3687 ix.
2004 3642 2259 3702 pag.410.
2326 3639 2668 3704 Thespiensis

1599 3727 1632 3761 e
1653 3712 1863 3762 Boeotia
1892 3712 2011 3764 fuit.

1663 3797 1687 3820 ⁰
1720 3789 2038 3838 Inventricem
2078 3790 2377 3854 coronarum]
2420 3790 2507 3842 ste
2543 3792 2672 3842 libri‘

1598 3877 1794 3925 omnes,
1829 3865 1986 3914 etiam
2026 3866 2156 3917 Mss.
2192 3881 2296 3916 non
2333 3868 2570 3924 vitu-icem,
2605 3876 2665 3918 ut

1596 3937 1744 4000 fingit
1785 3939 2065 3989 Salmasius
2108 3941 2161 3989 in
2196 3941 2361 3991 Solin.
2404 3956 2524 4006 pag.
2545 3947 2661 3992 246.

1598 4015 1834 4066 inaudita
1857 4031 2069 4080 prorsus
2103 4019 2152 4067 iu
2184 4019 2338 4069 Latio
2370 4034 2522 4081 voce,
2545 4035 2661 4070 cum

1596 4090 1837 4140 victricem
1880 4082 1992 4141 dici
2030 4093 2203 4155 potius
2248 4108 2333 4143 ars
2374 4103 2659 4158 pateretur,

1594 4180 1889 4234 quanquam
1915 4181 2072 4233 aegre.
2655 4172 2662 4179 ”
