3000 4917
733 405 797 451 c.
847 401 1092 450 eamn
1142 398 1468 447 seculum
1524 397 1674 445 ms.
1711 395 1789 445 ιι.
1832 379 1963 464 (9.)

248 546 321 595 ad
355 546 498 602 ratio,
522 559 625 594 non
663 544 731 594 ad
769 545 1043 606 modulatio,
1062 542 1177 609 q'uae
1208 545 1324 592 vox‘

249 622 307 670 in
345 624 474 671 Mss.
512 636 614 673 nou
653 628 754 682 est,
785 630 838 671 et
869 634 1045 669 seusus
1081 621 1183 669 sit:
1223 621 1309 668 De

250 712 357 745 uno
380 695 627 760 signifero
644 697 838 746 circulo
859 698 940 746 hic
958 711 1014 745 se
1035 698 1312 758 dicturum,

249 771 391 835 quod
414 774 554 821 circa
588 786 704 820 eum
737 772 887 833 primi
924 772 1310 820 Anaximander

248 853 308 895 et
341 847 667 896 Cleostratus
704 847 1109 911 observaverint,
1154 856 1307 896 caete·

249 939 426 978 rorum
471 925 780 973 circulorum
834 927 1145 973 mentionem
1192 940 1306 974 cum

249 1001 519 1049 mentione
563 1008 716 1048 terrae
766 1002 940 1061 aptius
995 1002 1306 1063 conjungen·

251 1076 410 1135 dam3
444 1075 578 1138 quod
617 1073 744 1124 facit
789 1076 840 1124 in
876 1075 977 1124 fine
1019 1078 1154 1124 libri.
1212 1078 1309 1125 Ge-

249 1152 422 1200 lenius.
463 1184 470 1190 ·

322 1226 569 1288 Sphoerum
612 1228 783 1290 ipsam,
814 1229 923 1291 ξω]
960 1229 1086 1278 Eam
1114 1227 1307 1275 Anaxi-

251 1302 459 1352 mandri
482 1304 749 1353 inventum
790 1318 997 1367 quoque
1022 1306 1182 1352 tradit
1208 1318 1309 1352 vu.

251 1384 339 1428 ⁵6.
396 1379 648 1442 Sphoeram
669 1382 820 1442 ipsam
839 1385 950 1429 unte
973 1382 1119 1429 multo
1142 1379 1308 1442 Atlas]

250 1455 419 1518 Lege,
455 1457 702 1518 Sphoerum
736 1457 836 1521 ipso
874 1460 1107 1520 pandente
1141 1458 1311 1505 mundo

251 1533 415 1582 Atlas.
458 1534 686 1582 Mundus
710 1535 838 1596 ipse,
859 1534 955 1582 lioc
977 1542 1081 1593 est,
1104 1534 1308 1595 coelnm,

254 1610 565 1673 sphaericum
610 1621 665 1662 et
711 1614 866 1674 plane
902 1613 1155 1674 sphaeram
1194 1625 1308 1659 sese

255 1699 374 1735 esse
418 1685 614 1737 fatetur
657 1696 713 1737 et
759 1688 973 1751 panditz
1009 1689 1118 1750 ipso
1149 1687 1309 1749 igitur

255 1763 517 1825 pandente
562 1765 751 1812 mundo
811 1765 1065 1826 sphaeram
1110 1763 1310 1811 invenit

253 1841 425 1900 Atlas,
463 1841 550 1904 qui
591 1836 784 1904 primus
818 1840 1080 1890 intellexit
1122 1839 1308 1887 coelum

255 1916 338 1964 vel
364 1916 607 1966 mundum
646 1916 898 1978 sphaeram
943 1929 1071 1963 esse.
1137 1913 1322 1976 Sequiae

256 2000 363 2054 tur,
388 1990 529 2054 quod
567 1990 641 2041 sic
681 1990 988 2054 legendumz
1024 1990 1108 2038 hoc
1138 1995 1209 2038 est
1241 1989 1309 2037 si-

253 2070 416 2118 derum
435 2069 699 2128 ortussoris
718 2068 975 2132 operuisse.
1042 2065 1175 2113 Vide
1200 2067 1308 2115 Sal-

249 2160 383 2203 mas.
406 2163 459 2210 p.
485 2151 599 2197 823.
623 2163 670 2196 a.
693 2147 742 2196 b.

295 2224 520 2272 -Saturm‘
538 2224 691 2286 sidus]
726 2222 977 2272 Saturnus
1017 2221 1192 2283 lingua
1213 2222 1309 2285 Sy-

255 2302 394 2350 riaca
411 2302 520 2349 sive
536 2300 794 2360 Aramaea,
809 2312 911 2362 qua
930 2297 1004 2345 usi
1018 2307 1138 2345 snut
1152 2298 1309 2345 Thils-

255 2378 324 2439 ci,
350 2379 597 2428 latentem
621 2373 902 2437 significat,
935 2374 1000 2421 ab
1026 2384 1146 2434 nnn,
1179 2387 1310 2422 occu-

254 2458 351 2506 luit
385 2473 504 2518 sese,
525 2457 685 2519 latuit,
708 2455 784 2503 uti
819 2459 992 2502 monet
1021 2454 1087 2502 P.
1109 2453 1311 2501 Merula

256 2535 418 2598 super
437 2538 569 2585 Enn.
589 2548 643 2598 p.
667 2536 748 2581 94.
812 2529 943 2578 Inde
970 2529 1205 2586 Latinum
1225 2544 1307 2576 vo-

257 2617 531 2673 caverunt,
573 2616 629 2658 et
671 2609 781 2671 ejus
827 2618 1037 2653 uxorem
1087 2603 1310 2668 Latiam,

260 2687 374 2738 slve
402 2688 595 2735 Latiam
622 2683 850 2734 Saturni.
886 2681 1052 2729 Dulec.

323 2764 541 2827 Laevum]
574 2760 786 2820 Plinius,
809 2770 1057 2819 augurum
1082 2756 1309 2818 discipli-

257 2853 374 2889 nam
414 2845 683 2902 sequutus,
704 2848 918 2899 pronam
952 2831 1140 2882 facicm
1177 2834 1310 2881 intu-

255 2916 394 2966 entis
418 2915 469 2964 in
496 2915 736 2963 Austrum
762 2918 1001 2973 spectare
1022 2910 1211 2957 voluitz
1238 2910 1318 2956 in-·

257 2994 427 3057 deque
448 2992 630 3039 laevum
656 2989 755 3036 erit
779 2987 865 3035 nbi
890 2987 965 3034 sol
988 2985 1170 3039 oritur,
1188 2984 1309 3031 dex-

260 3077 399 3118 trum
437 3068 525 3115 ubi
562 3065 770 3114 occidit.
833 3061 1097 3111 Aristoteli
1137 3060 1308 3108 mundi

255 3145 448 3194 dextra
478 3151 596 3192 sunt
618 3141 871 3202 exortiva,
909 3139 1038 3187 laeva
1062 3137 1309 3185 occidua:

256 3223 434 3272 Solino
469 3221 655 3269 dextra
706 3216 1141 3279 septentrionalia,
1184 3214 1312 3261 laeva

257 3298 635 3350 meridionalia.
705 3293 901 3341 Ebraeis
921 3290 1164 3339 meridies
1187 3290 1311 3337 dex·

261 3381 363 3436 ter,
387 3372 771 3437 septentriones
809 3365 1024 3416 sinistri.
1095 3365 1311 3413 Inlud'is

260 3449 590 3503 Circensibus
613 3461 704 3496 cur
726 3444 887 3494 Solini
918 3443 1047 3490 ratio
1072 3443 1312 3490 observa-

258 3535 317 3577 ta
351 3527 439 3589 sit,
469 3523 698 3587 explicat
726 3520 777 3569 J.
801 3519 996 3580 Gorop.
1021 3517 1254 3579 Hierogl.
1279 3518 1311 3565 l.

260 3619 350 3655 111.
371 3618 423 3665 p.
445 3608 527 3652 37.
566 3602 712 3650 Idem.

331 3682 549 3731 Tertium
582 3679 781 3734 Mortis,
816 3680 938 3740 quod
975 3676 1166 3738 quidam
1185 3671 1314 3720 Her·

258 3760 382 3809 culis
401 3762 587 3821 vocant,
606 3757 750 3817 ignea
768 3753 980 3802 ardentis
1005 3752 1128 3798 Solis
1147 3747 1313 3796 vicini·

256 3842 380 3891 tute,
425 3835 549 3883 binis
566 3834 678 3892 sere
711 3832 852 3880 aunis
882 3824 1114 3886 converti]
1152 3826 1313 3872 Vetus

260 3912 443 3973 lectio,
477 3908 631 3970 Ignei‚
670 3905 884 3956 ardentis
916 3919 945 3952 a
982 3903 1111 3951 Solis
1145 3900 1311 3948 vicini-

259 3994 379 4042 tate,
414 3982 843 4049 quemadmodum
882 3986 935 4028 et
974 3978 1149 4025 Livius
1174 3986 1312 4036 soepe

260 4064 512 4128 loquitur.
578 4061 797 4108 Gaitsam
813 4056 977 4117 dedit,
1000 4049 1099 4101 non'
1123 4063 1214 4100 eur
1237 4050 1311 4098 bi-

263 4142 417 4190 ennio
441 4137 689 4186 circulum
710 4134 962 4194 absumat,
991 4130 1080 4179 sed
1107 4142 1199 4177 cur
1235 4141 1311 4175 ar-

264 4219 395 4268 dens
418 4216 486 4264 sit
509 4221 565 4263 et
592 4208 785 4275 igneu‘s.
820 4211 983 4258 Gelen.

334 4289 609 4354 Temperari
623 4290 807 4337 ‚Jovem
831 4286 1175 4344 salutaremque
1193 4279 1314 4344 fieri

2269 375 2442 441 4965

1385 540 1566 603 Deum]
1632 540 1713 587 De
1751 538 1918 588 sidere
1955 536 2204 602 loquitur,
2238 549 2339 585 non
2374 535 2441 584 de

1386 617 1519 666 Deo.
1553 615 1736 665 Scriba
1754 615 1983 677 proxime
2002 620 2299 678 sequentem
2325 626 2442 674 par-

1387 694 1594 743 ticulam
1621 695 1808 742 Deinde
1841 692 2152 754 depravavit
2187 691 2241 738 in
2281 690 2442 738 Deum

1385 772 1513 818 inde.
1549 770 1736 822 Gelen.

1449 846 1666 904 Luciferi
1701 860 1863 894 nomen
1894 840 2098 905 accepit]
2143 839 2438 890 Luciferum

1386 920 1616 969 diurnam
1638 921 1838 971 stellam
1862 926 2018 968 vocat
2051 918 2224 967 Plaut.
2248 918 2299 964 in
2323 918 2439 965 Me-

1386 998 1604 1046 naechm.
1671 999 1686 1025 ‘
1712 996 1843 1044 Inde
1887 1009 2050 1058 usque
2097 993 2160 1042 ad
2204 992 2438 1040 diurnam

1385 1074 1587 1121 stellam
1624 1072 1902 1120 crastinam
1948 1068 2246 1134 potabimus
2285 1065 2439 1115 cras!

1345 1162 1352 1168 ·
1386 1149 1795 1211 Vesperuginem
1833 1144 2293 1211 quidam-Veneris
2327 1145 2451 1191 esse'

1386 1228 1952 1287 stellam-putaverunt,
1971 1221 2164 1271 acideo
2180 1221 2440 1268 Venerem

1386 1302 1737 1363 noctivigilam
1775 1300 2125 1363 appellarunt,
2166 1304 2223 1344 ut
2260 1297 2437 1344 Plaut-

1386 1379 1436 1425 in
1452 1379 1605 1427 Cure.
1623 1385 1712 1425 aut
1739 1376 2070 1430 noctilucam‚
2094 1383 2154 1422 ut
2179 1373 2400 1422 Levinus
2421 1387 2437 1420 ε

1383 1455 1672 1502 ‘Venerem
1728 1452 1884 1513 igitur
1954 1451 2140 1499 almam
2198 1448 2439 1506 adorans,

1385 1529 1494 1577 sive
1517 1528 1726 1576 foemina
1749 1527 1855 1576 sive
1889 1540 1997 1575 mas
2035 1532 2133 1578 est,
2157 1524 2231 1571 ita
2256 1522 2329 1570 uti
2367 1522 2442 1571 ‚al-

1383 1619 1462 1652 ma
1479 1604 1759 1652 Noctiluca
1783 1601 1896 1660 est.'
1932 1601 2103 1649 Doleo.

1456 1680 1649 1743 Vesper]
1680 1679 1813 1727 Inde
1847 1678 2171 1739 Vesperugo,
2205 1679 2441 1722 extrema

1384 1756 1487 1804 diei
1514 1771 1652 1818 pars,
1677 1762 1733 1803 et
1777 1755 1939 1818 prima
1979 1753 2171 1801 noctis.
2236 1751 2398 1799 Varro
2425 1766 2438 1799 ε

1383 1832 1564 1880 ‘Inter
1600 1831 1990 1893 vesperuginem
2026 1836 2080 1876 et
2106 1827 2266 1891 jubar
2301 1826 2442 1874 dicta

1387 1923 1488 1957 uox
1548 1908 1879 1970 intempesta,
1911 1905 2126 1970 (omitto
2151 1901 2440 1967 quaedam‚)

1385 1998 1538 2047 quam
1564 1982 1727 2031 AElius
1759 1982 1986 2042 dicebat,
2019 1994 2133 2028 cum
2160 1986 2360 2039 tempus
2384 1990 2438 2025 a·

1385 2060 1540 2122 gendi
1564 2066 1647 2107 est
1682 2058 1910 2106 nullum:
1946 2055 2079 2118 quod
2126 2053 2215 2101 alii
2249 2065 2443 2100 conen·-

1385 2136 1524 2186 bium
1563 2134 1910 2197 appellarunt,
1932 2130 2067 2193 quod
2108 2141 2286 2177 omnes
2323 2125 2438 2175 fere

1387 2220 1512 2264 tunc
1526 2211 1793 2260 ‘cubarent
1815 2208 1849 2257 ε’
1882 2206 2057 2270 κνέφας
2077 2204 2435 2269 vesperuginem

1388 2290 1559 2339 Graeci
1584 2287 1845 2351 appellare
1863 2285 2123 2343 videntur,
2142 2280 2278 2346 quod
2299 2287 2439 2329 terra

1387 2367 1503 2414 luce
1526 2377 1703 2413 carere
1726 2362 1957 2423 incipiat.
1975 2359 2147 2408 ·Hom.
2171 2357 2235 2407 ll.
2255 2362 2314 2405 A.
2347 2353 2439 2403 Ἥ-

1384 2459 1470 2503 μος
1482 2442 1522 2490 δ’
1536 2439 1691 2498 ἠέλιος
1703 2437 1888 2499 κατέδυ,
1902 2434 1981 2484 καὶ
1998 2433 2073 2484 ἐπὶ
2088 2431 2263 2495 κνέφας
2277 2430 2453 2489 ἦλθεν.ν

1386 2519 1604 2581 Vesperi
1672 2524 1905 2565 exortum
1989 2513 2202 2575 primam
2267 2507 2438 2558 facem

1388 2596 1640 2660 Apuleius
1699 2603 1752 2645 et
1808 2592 2107 2642 Macrobius
2158 2590 2436 2637 dixerunt:

1389 2689 1487 2724 non
1525 2671 1659 2736 quod
1703 2677 1827 2720 tunc
1864 2667 2008 2717 faces
2037 2664 2451 2714 accenderentur·
2522 2665 2527 2672 “

1388 2758 1443 2800 et
1465 2749 1711 2805 lucernae,
1733 2760 1882 2810 quam
1907 2746 1973 2792 ob
2000 2756 2105 2790 rem
2141 2740 2259 2789 Gal.
2291 2735 2441 2798 ἡμμέ-

1386 2830 1475 2875 vam
1512 2824 1618 2886 ἄμμ-ι
1652 2821 1845 2884 λύχνων
1884 2822 2056 2869 horam
2091 2815 2440 2879 vespertinam

1389 2904 1479 2963 ait‘,
1503 2910 1562 2950 ut
1584 2899 1847 2949 meridiem
1877 2896 2147 2953 Lucianus,
2166 2889 2283 2951 ἀμφὶ
2316 2888 2441 2945 πλή-

1388 2985 1561 3028 θουσαν
1601 2977 1794 3039 ἀγορὰν,
1839 2973 1973 3034 quod
2026 2985 2091 3018 ea
2144 2968 2250 3016 diei
2292 2974 2442 3029 parte

1388 3056 1609 3104 maxima
1648 3054 1717 3100 sit
1759 3052 1809 3098 in
1848 3046 1964 3097 foro
1997 3043 2311 3109 frequentia,
2350 3041 2442 3089 sed

1388 3131 1524 3194 qriod
1557 3128 1774 3192 Vesperi
1809 3125 1966 3172 stella
2005 3129 2123 3183 post
2153 3119 2280 3168 solis
2295 3132 2443 3167 occa·

1389 3222 1497 3257 sum
1529 3206 1694 3268 prima
1719 3204 1906 3251 luceat.
1953 3198 2118 3247 Dalec.

1429 3284 1762 3345 Pythagoras
1828 3274 2042 3335 Samius]
2124 3271 2440 3333 Pythagorae

1390 3363 1590 3422 longam
1637 3355 1918 3415 historiam,
1961 3358 2015 3399 et
2062 3345 2441 3397 incredibilium

1390 3451 1559 3485 rerum
1577 3447 1702 3497 quas
1718 3430 1882 3494 gessit
1902 3425 2286 3481 miracula‚‘vid.
2303 3422 2441 3485 apud

1390 3512 1555 3561 Rhod.
1580 3523 1697 3558 xix.
1717 3512 1766 3556 7.
1807 3507 1954 3554 Idem.

1535 3588 1667 3636 CAP.
1690 3597 1771 3633 lx.
1840 3582 1917 3630 De
1940 3579 2087 3628 Lunoe
2108 3584 2297 3627 natura.

1348 3650 1354 3656 ⁴
1451 3663 1625 3724 Lame]
1684 3660 1893 3708 Lineam
1929 3653 2246 3711 ἐκλειπτικὴν,
2280 3654 2439 3701 Lunae

1389 3741 1633 3798 orbitam,
1672 3734 1960 3784 Tarentina
1996 3745 2120 3778 voce
2158 3728 2456 3776 ‘circulum·

1388 3828 1657 3866 manacum
1676 3810 1690 3833 '
1728 3816 1932 3858 veteres
1957 3804 2303 3868 appellarunt,
2317 3814 2441 3863 qua·

1388 3892 1430 3942 si
1456 3891 1759 3947 maniacum,
1793 3879 2049 3945 μηνιακόνι
2088 3880 2222 3928 unde
2257 3875 2455 3927 Arabi-.

1387 3962 1878 4018 bus‘Kalendarium
1905 3955 2200 4006 Almanach.
2260 3953 2437 4001 Vitru-

1389 4046 1497 4093 vius
1528 4043 1617 4091 lib.
1638 4053 1714 4089 xt.
1752 4034 2066 4102 ‘circinatio
2090 4031 2270 4081 circuli
2292 4042 2432 4078 men-

1388 4121 1520 4170 strui
1559 4126 1759 4180 agatur,
1788 4111 2162 4176 qui‘Manacus
2201 4103 2429 4154 dicitur.’

1389 4198 1656 4321 δσὲιίξιιαω
1688 4268 1740 4316 in
1782 4262 1961 4325 orbem]
2016 4261 2174 4323 Lego,
2226 4256 2413 4306 sinuata
