3000 4917
510 334 685 414 4906
1484 358 1732 408 mnsx

508 501 616 549 sive
637 500 865 563 Ladios-a,
883 498 991 565 (sic
1013 499 1148 549 enim
1173 501 1493 565 inscripsisse
1528 503 1718 553 librum
1741 503 1784 553 is
1805 501 2061 569 videtum)
2083 505 2313 557 citantur
2334 506 2403 558 ab
2423 507 2712 575 Epiphanio

509 579 714 631 advers.
737 580 942 630 Haeres.
968 595 1007 630 1.
1026 585 1108 631 34.
1132 596 1182 645 p.
1204 586 1319 633 232.
1383 582 1520 634 Item
1544 583 1610 633 ab
1631 584 1839 635 Ireuoeo
1859 585 2108 637 adversus
2128 588 2367 638 Marcum
2393 603 2433 638 1.
2453 593 2504 638 8.
2526 605 2582 654 p.
2604 594 2684 639 68.

573 661 952 717 Anaximander.
989 662 1174 712 Patria
1204 663 1458 726 Milesius,
1496 663 1732 715 Thaletis
1770 664 2077 730 discipulus,
2122 669 2458 732 Xenophonti
2502 672 2711 734 aequalis

504 739 625 790 f-uit.
690 741 846 792 Hunc
866 739 1057 792 Strabo
1082 743 1299 806 primum
1323 744 1560 795 extitisse
1584 743 1658 795 ait
1675 745 1771 796 lib.
1797 760 1837 796 1.
1860 761 1916 811 p.
1939 752 1989 798 7.
2003 747 2095 812 qui
2116 748 2260 799 orbis
2282 750 2438 801 situm
2463 749 2516 798 in
2539 750 2711 800 tabula

506 821 860 886 descripserit.
919 822 1068 872 Idem
1111 829 1335 874 testatur
1377 831 1434 874 et
1475 824 1864 889 Agathemerus
1900 826 2100 891 Geogr.
2136 843 2178 878 1.
2212 833 2263 879 1.
2300 844 2355 892 p.
2397 834 2458 879 1.·
2503 829 2710 881 Obiisse

505 901 720 966 Olymp.
757 915 920 952 svm.
953 910 1138 954 auctor
1162 911 1251 954 est
1280 903 1630 969 Apollodorus
1667 906 1721 956 in
1763 908 2054 972 chronicis,
2078 908 2215 972 apud
2241 908 2419 960 Laiirt.
2452 924 2505 976 p.
2543 914 2631 962 33.
2658 912 2709 960 ἰιι

504 982 910 1034 Anaximandro.
978 985 1141 1034 Plura
1158 984 1225 1035 de
1247 1000 1310 1036 eo
1332 986 1567 1037 dicemus
1590 1001 1657 1037 ιι.
1682 991 1766 1038 78.
2080 1030 2087 1037 .

567 1063 908 1115 Anaximenes.
974 1066 1314 1129 Lampsacum
1358 1068 1408 1118 ei
1451 1069 1623 1131 patria
1664 1067 1797 1118 fuit:
1844 1069 2109 1135 magister,
2151 1069 2417 1135 Diogenes
2464 1070 2705 1133 Cynicus.

502 1142 900 1195 Rhetoricorum
948 1146 1215 1209 librorum,
1259 1148 1348 1212 qui
1390 1147 1670 1198 Aristoteli
1707 1149 1861 1212 vulgo
1904 1149 2224 1211 tribuuntur,
2262 1157 2533 1200 auctorem
2576 1152 2708 1202 hunc

500 1223 874 1293 Anaximenem
905 1227 1099 1276 eruditi
1120 1227 1281 1280 aiunt.
1344 1229 1568 1293 Scripsit
1586 1235 1643 1279 et
1673 1229 1741 1278 de
1763 1228 1940 1279 Rebus
1963 1229 2032 1279 ab
2069 1229 2371 1280 Alexandro
2393 1230 2600 1295 Gestis,
2624 1235 2705 1281 cui

500 1304 553 1353 iu
585 1305 1005 1370 expeditionibus
1041 1321 1213 1357 comes
1244 1307 1363 1359 fuit.
1426 1309 1699 1361 Laudatur
1720 1309 2038 1362 in'Pliniano
2057 1310 2241 1360 Indice
2278 1311 2368 1360 lib.
2393 1325 2505 1361 ιιι.
2527 1316 2704 1376 quoin

498 1383 632 1432 libro
672 1399 749 1435 eae
783 1385 996 1437 arbores
1030 1387 1412 1451 describuntur,
1446 1403 1574 1454 quas
1606 1390 1662 1440 in
1698 1383 1827 1440 orbe
1860 1389 2066 1451 Indico,
2089 1396 2148 1440 ut
2174 1389 2334 1441 Plinii
2355 1390 2533 1447 verbis
2568 1399 2704 1456 utar,

497 1463 687 1515 mirata
709 1472 790 1515 est
811 1464 1098 1517 Alexandri
1121 1469 1199 1535 Μ.
1225 1469 1473 1519 Victoria.

561 1544 846 1609 Anaxipolis
869 1547 1085 1607 Thasius,
1106 1549 1324 1598 Varroni
1343 1555 1401 1599 et
1423 1548 1722 1599 Columellae
1744 1547 1987 1602 laudatus
2018 1548 2167 1598 initio
2190 1549 2362 1614 operis
2385 1549 2490 1612 sui,
2510 1563 2630 1612 cap.
2654 1552 2698 1598 1.

494 1623 630 1673 inter
649 1625 933 1689 scriptores
957 1628 1055 1678 Rei
1078 1629 1326 1678 Rustica».

558 1703 778 1754 Andreas
813 1706 1050 1757 Medicus.
1111 1709 1415 1758 Memincre.
1442 1706 1580 1758 illius
1616 1707 1800 1757 Celsus
1833 1705 1888 1755 in
1924 1706 2140 1758 Praefat.
2164 1708 2258 1759 lib.
2280 1722 2333 1758 v.
2355 1709 2697 1761 Dioscorides

493 1782 547 1831 iu
570 1783 786 1836 Praefat.
821 1785 1051 1839 Galenus
1084 1788 1137 1837 in
1159 1789 1369 1852 Explic.
1401 1789 1604 1838 Vocum
1641 1788 1900 1851 Hippocr.
1921 1794 2062 1838 tomo
2094 1803 2160 1839 11.
2185 1803 2238 1852 p.
2259 1793 2342 1843 92-
2364 1790 2458 1839 ubi
2484 1789 2701 1855 Ἀνδρέας

491 1863 518 1910 ὅ
540 1865 629 1913 τοῦ
647 1869 888 1931 Χρύσαρος
906 1875 1122 1919 vocatur
1138 1885 1161 1922 z,
1189 1876 1245 1919 et
1263 1869 1581 1920 Scholiastes
1606 1868 1864 1921 Nicandri
1888 1868 1939 1917 in
1961 1869 2199 1921 Ther-iac.
2219 1884 2272 1932 p.
2296 1874 2378 1919 32.
2397 1871 2488 1935 qui
2510 1871 2697 1923 librum

494 1942 603 2007 ejus
641 1946 839 2012 laudat,
865 1962 1016 2013 quem
1053 1947 1279 2013 Νάρθηκα
1311 1948 1666 2013 inscripserat.
1731 1947 1860 2011 Ejus
1892 1948 2008 1997 libri
2040 1947 2149 2012 περὶ
2166 1951 2394 2013 omnen,
2414 1953 2475 2000 de
2496 1952 2565 2003 iis
2596 1964 2698 2015 que

491 2040 649 2075 nsorsn
668 2032 894 2079 venenata
915 2034 1045 2094 sunt,
1069 2038 1125 2081 et
1145 2030 1379 2087 alterius,
1402 2031 1478 2080 De
1499 2029 1563 2078 iis
1583 2044 1687 2093 quoe
1697 2027 1830 2087 falso
1845 2029 2122 2094 creduntur,
2135 2030 2485 2095 mentio-apud
2506 2031 2699 2087 Athen.

489 2105 579 2155 lib.
605 2120 728 2156 vm.
754 2123 806 2172 p.
828 2113 942 2160 312.

555 2187 840 2240 Androtion.
902 2191 1180 2256 Ἀνδροτίων
1195 2192 1553 2255 Theophrasto
1586 2189 1730 2241 Hist.
1763 2189 1941 2239 Plant.
1964 2203 2026 2241 ιι.
2050 2193 2100 2240 8.
2123 2197 2181 2240 et
2204 2189 2464 2241 Athenoeo
2485 2191 2581 2241 lib.
2604 2207 2691 2244 ιιι.

491 2283 543 2330 p.
576 2273 663 2319 76.
732 2270 952 2320 Varroni
977 2278 1031 2322 et
1052 2273 1355 2322 Columellas
1377 2272 1528 2321 initio
1549 2269 1723 2333 operis
1748 2270 1829 2318 sui
1861 2269 2107 2327 laudatus,
2122 2270 2257 2319 inter
2277 2271 2565 2334 scriptores
2596 2273 2694 2324 Rei

494 2348 741 2415 Rustica»,
765 2367 980 2416 quorum
1006 2355 1229 2416 patriam
1265 2366 1370 2402 non
1391 2349 1787 2413 comperissent.
1858 2348 2199 2398 Androtionis
2234 2349 2533 2412 Georgicon
2566 2353 2694 2427 citat

487 2428 764 2480 Athenaeus
788 2432 878 2481 lib.
897 2447 983 2482 ιιι.
1018 2449 1071 2498 p.
1091 2437 1174 2484 76.
1196 2438 1253 2481 et
1276 2437 1358 2482 82.
1382 2429 1519 2495 quod
1539 2444 1669 2493 opus
1693 2429 1758 2476 de
1785 2423 2125 2491 Agricultura
2147 2428 2346 2476 Plinius
2369 2431 2608 2492 appellat
2640 2433 2692 2481 in

486 2508 667 2560 Indice
690 2511 780 2562 lib.
802 2527 926 2562 vm.
963 2512 1010 2563 A
1034 2513 1292 2563 Pausania
1324 2525 1528 2562 rursum
1563 2510 1655 2559 lib.
1677 2523 1755 2558 vt.
1781 2523 1833 2572 p.
1859 2512 1975 2558 367.
1998 2514 2055 2557 et
2078 2507 2142 2557 ab
2165 2507 2424 2572 Harpocr.
2448 2511 2500 2558 in
2522 2511 2692 2573 Ἀμφί-

484 2592 640 2652 πολις,
678 2607 732 2656 p.
766 2597 850 2643 20.
913 2592 1137 2658 ’An-loos,
1167 2593 1265 2643 hoc
1300 2601 1401 2655 est,
1437 2591 1506 2640 de
1542 2589 1717 2640 Rebus
1751 2588 1944 2639 Atticis
1980 2591 2380 2655 commentarios
2422 2591 2693 2654 scripsisse

483 2671 694 2723 dicitur.

521 2730 527 2737 ⁴
547 2753 774 2804 Annales.
839 2755 1153 2806 Pontificum
1177 2754 1525 2804 Maximorum
1547 2750 1778 2801 Annales
1800 2750 2004 2801 Tullius
2028 2755 2184 2803 vocat
2224 2749 2289 2799 de
2327 2747 2563 2818 Legibus
2597 2754 2631 2801 l.
2651 2767 2690 2803 ι.

483 2847 540 2896 p.
563 2834 678 2883 206.
743 2835 833 2884 De
855 2836 931 2885 his
953 2836 1089 2885 idem
1115 2836 1179 2885 de
1204 2837 1359 2886 Orat.
1381 2834 1472 2883 lib.
1497 2846 1561 2881 ιι.
1581 2847 1637 2898 p.
1660 2836 1774 2881 366.
1807 2831 1823 2860 ‘
1846 2833 1977 2881 Erat
1999 2831 2134 2880 enim
2171 2830 2388 2887 historia
2424 2833 2554 2881 nihil
2589 2833 2689 2882 nisi

484 2910 762 2964 Annalium
786 2914 1081 2967 confectioz
1117 2916 1262 2980 cujus
1287 2914 1383 2970 rei,
1417 2911 1787 2975 memoriaeque
1825 2910 2051 2974 publicae
2090 2910 2370 2959 retinendas
2403 2926 2586 2975 causa,
2626 2912 2689 2962 ab

483 2993 636 3044 initio
662 3010 834 3047 rerum
860 2997 1209 3047 Romanarum
1235 3009 1396 3059 usque
1418 2993 1484 3042 ad
1510 2993 1578 3042 P.
1599 2992 1835 3049 Mucium
1868 2988 2180 3039 Pontificem
2219 2990 2365 3040 Max.
2397 3006 2481 3040 res
2504 3008 2685 3049 omnes

487 3075 796 3138 singulorum
820 3091 1070 3126 annornm
1092 3076 1376 3145 mandabat
1401 3073 1571 3123 literis
1592 3069 1847 3122 Pontifex
1870 3071 2015 3120 Max.
2036 3068 2391 3135 efferebatque
2416 3074 2469 3121 in
2489 3074 2686 3139 album,

467 3164 537 3204 -et
562 3157 886 3220 proponebat
909 3157 1136 3208 tabulam
1160 3156 1319 3219 domi,
1357 3160 1594 3218 potestas
1632 3158 1693 3201 ut
1728 3159 1870 3202 esset
1906 3151 2099 3215 populo
2129 3151 2514 3215 cognoscendi:
2545 3155 2686 3220 iique

468 3237 771 3299 etiamnunc
798 3237 1024 3288 Annales
1043 3237 1263 3287 Maximi
1286 3231 1652 3285 nominantur-,⁹

542 3315 731 3366 Annius
756 3317 977 3378 Fetialis,
995 3316 1241 3367 laudatur
1262 3332 1293 3365 a
1313 3314 1486 3366 Plinio
1501 3325 1702 3367 xxxiv.
1720 3316 1802 3363 13.
1836 3310 2124 3361 Historiam
2139 3324 2231 3360 seu
2252 3309 2485 3375 Annales
2509 3329 2678 3365 rerum

473 3395 824 3447 Romanarum
848 3397 1141 3447 condidisse
1165 3398 1208 3447 is
1230 3396 1459 3447 videtur.

538 3476 755 3527 Aneoeus.
823 3478 1022 3527 Medici
1044 3478 1192 3542 hujus
1214 3477 1407 3527 mentio
1429 3484 1515 3526 est
1537 3476 1590 3527 in
1609 3473 1793 3531 Indice
1817 3471 2057 3523 Pliniana
2076 3473 2171 3524 lib.
2188 3486 2292 3523 ιιι.
2318 3480 2375 3524 et
2393 3486 2608 3525 xxvm.
2627 3481 2677 3526 2.

543 3557 734 3608 Antias.
801 3557 941 3607 Vide
971 3559 1187 3608 Valerius
1206 3558 1402 3608 Antias.

536 3637 822 3689 Anticlides.
883 3639 1203 3698 Ἀντικλείδης
1224 3637 1634 3705 Harpocrationl
1672 3635 2038 3700 in.KaM=²5peca,
2068 3650 2122 3699 p.
2147 3639 2258 3686 161.
2326 3637 2544 3687 Librum
2575 3641 2679 3701 περὶ

470 3719 672 3781 roo-mv,
691 3720 789 3769 hoc
813 3728 894 3770 est
915 3723 973 3771 de
996 3722 1279 3771 Reversione
1301 3721 1611 3770 Graecorum
1637 3716 1704 3765 ab
1727 3717 2074 3782 ssxpcditione
2105 3715 2483 3780 Trojanazsive
2501 3718 2672 3783 ,Argo-

467 3809 739 3851 nautarum
764 3817 795 3851 a
818 3802 1085 3860 Colchide,
1110 3802 1290 3853 laudat
1315 3801 1601 3852 Athenaeus
1625 3799 1715 3848 lib.
1737 3811 1820 3848 xi.
1846 3801 2028 3861 p-‚4659
2064 3803 2121 3846 et
2153 3796 2348 3848 Euseb.
2371 3799 2553 3863 Praep.
2583 3800 2674 3851 lib.

468 3893 549 3931 lv.
574 3896 625 3944 p.
651 3887 762 3933 167.
829 3883 981 3947 Opus
1002 3884 1146 3933 libris
1169 3890 1230 3933 ut
1252 3882 1519 3934 minimum
1545 3877 1771 3934 sedecim
1796 3877 2240 3939 comprehensum.
2308 3877 2495 3926 Suidas
2530 3881 2672 3942 item,

468 3975 520 4024 p·
543 3965 657 4011 302.
683 3970 738 4012 et
762 3960 1028 4028 Aristoph.
1046 3963 1215 4012 Schol.
1248 3963 1300 4012 in
1332 3961 1476 4012 Nub.
1500 3975 1553 4025 p.
1574 3962 1688 4009 132.
1754 3954 1976 4016 Annam&
2000 3957 2146 4017 item,
2170 3957 2281 4006 sive
2301 3959 2361 4005 de
2386 3958 2547 4008 Rebus
2562 3961 2665 4010 De-

460 4041 623 4101 liacis,
644 4038 912 4106 scripsisse
936 4050 1116 4093 auctor
1132 4050 1212 4092 est
1231 4041 1402 4092 Schol.
1421 4038 1684 4105 Apollonii
1708 4037 1799 4087 lib.
1825 4051 1864 4087 1.
1888 4037 1953 4086 ad
1977 4051 2054 4085 vs.
2078 4040 2223 4087 1207.
2277 4037 2425 4087 AEtas
2447 4038 2665 4090 incerta.

469 4121 731 4172 Laudatur
757 4137 788 4171 a
813 4123 1091 4174 Plutarcho
1122 4123 1175 4173 in
1198 4122 1497 4174 Alexandro
1521 4134 1571 4186 p.
1592 4122 1708 4175 691..
1742 4118 1879 4175 inter
1908 4116 2188 4179 scriptores
2222 4116 2290 4166 de
2328 4118 2487 4180 rebus
2510 4121 2576 4169 ab
2601 4136 2663 4172 eo

464 4203 641 4266 gestis.
