3000 4917
837 391 1013 444 uxr.
1062 393 1257 444 msr.
1307 394 1452 444 ms.
1501 396 1825 449 xxxvu.
1870 384 1985 451 63.
2329 386 2501 456 4881

287 531 489 618 nigra
532 541 659 614 est,
711 554 753 600 a
803 534 1059 602 Medea
1110 537 1233 603 illa
1287 539 1601 606 fabulose
1622 548 1649 579 ²
1697 542 1970 611 inventa
1992 564 2014 608 z
2054 547 2263 613 habet
2290 567 2505 615 venas

291 638 482 701 aurei
513 638 806 703 coloris:
853 639 1172 704 sudorem
1202 640 1425 706 reddit
1453 644 1661 722 croci,
1709 664 2024 729 saporem
2069 657 2295 715 autem
2343 650 2504 717 vini.

295 735 732 807 Meconitesb
773 749 1106 826 papaver³
1151 743 1493 826 exprimit.
1584 746 1944 812 Mithrax⁴
1984 768 2027 813 a
2070 751 2344 815 Persis‘*
2390 771 2505 818 ac-

296 847 502 924 cepta
548 849 673 921 est,
724 850 794 909 et
836 844 1053 927 Rubri
1111 847 1316 910 maris
1374 848 1757 914 montibus:
1807 850 2214 929 multicolor,
2271 861 2506 919 contra

295 940 528 1007 Solem
552 945 737 1010 varie
758 943 1110 1029 refulgens.
1171 946 1588 1015 Morochites
1606 958 1630 997 ⁵
1648 946 1677 986 ‘²
1707 971 2054 1035 porracea‚
2084 955 2261 1020 lacte
2286 955 2506 1021 sudat.

298 1041 527 1110 Morio
557 1047 626 1109 in
656 1046 898 1125 India:
945 1068 1100 1133 quae
1144 1049 1493 1133 nigerrimo
1524 1053 1745 1119 colore
1795 1055 2178 1133 translucet,
2229 1063 2509 1122 vocatur

300 1145 703 1214 Pramnion:
749 1150 820 1213 in
852 1170 991 1235 qua
1034 1150 1350 1216 miscetur
1389 1159 1462 1216 et
1506 1156 1902 1221 carbunculi
1944 1158 2159 1236 coloS‚
2204 1157 2509 1224 Alexan-

299 1249 657 1315 drinum:⁶
700 1253 818 1317 ubi
849 1253 1094 1330 sardae,
1146 1252 1495 1339 Cyprium.
1573 1255 1930 1337 Nascitur,
1975 1259 2138 1324 etin
2170 1259 2384 1343 Tyro,
2433 1267 2503 1326 et

297 1352 374 1416 in
401 1350 735 1418 Galatia..
764 1353 1208 1423 ‚Xenocrates
1246 1364 1315 1422 et
1359 1359 1491 1422 sub
1520 1356 1813 1444 Alpibus
1841 1361 2038 1425 nasci
2068 1361 2290 1427 tradit.
2365 1361 2507 1428 Hae

301 1461 459 1520 sunt
487 1475 793 1536 gemmae,
821 1477 980 1541 quae
1014 1458 1102 1522 ad
1130 1464 1417 1542 ectypas
1447 1460 1828 1543 scalpturas
1852 1458 1876 1498 ⁶
1910 1468 2248 1546 aptantur.
2325 1463 2509 1546 Myr-

299 1556 513 1621 rhites
533 1565 561 1603 ⁸
593 1558 873 1643 myrrhae
899 1559 1189 1625 colorem
1216 1559 1444 1639 habet,
1490 1560 1664 1625 facie
1692 1561 1968 1627 minima
1996 1582 2295 1645 gemma:
2344 1564 2507 1629 odo-¹

302 1678 450 1750 rem
480 1660 735 1738 attrita,
783 1660 982 1727 etiam
1032 1661 1273 1726 nardi.⁷
1348 1660 1761 1745 Myrmecias
1782 1660 1809 1698 ¹¹
1856 1664 2047 1745 nigra
2092 1664 2299 1730 habet
2346 1666 2511 1729 emi-

304 1760 599 1827 nentias
623 1761 880 1828 similes
932 1763 1255 1829 verrucis.
1361 1760 1798 1846 Myrsinites¹
1856 1763 2160 1829 melleum
2214 1765 2513 1832 colorem

303 1862 529 1942 habet,
559 1865 759 1947 myrti
787 1862 1083 1930 odorem.
1176 1861 1653 1931 Mesoleucosj
1704 1871 1826 1945 est,
1869 1865 2153 1931 mediam
2183 1886 2513 1950 gemmam

1235 1994 1597 2016 ‘NOOOO‘OOOO

307 2060 498 2113 Dalec.
536 2063 794 2113 Memnonia
830 2062 1066 2114 GronoV.
1106 2069 1164 2113 et
1207 2065 1279 2114 al.
1324 2067 1561 2113 vern—2
1594 2063 1683 2112 lta
1714 2062 1870 2115 codd.
1914 2062 2174 2114 Harduini
2213 2071 2271 2115 et
2317 2065 2516 2117 Fuxen.

307 2139 431 2176 cum
470 2126 592 2175 edd.
632 2127 893 2177 Harduin.
929 2133 977 2178 1.
1014 2131 1066 2179 2.
1104 2133 1155 2180 3.
1192 2136 1249 2178 et
1282 2135 1508 2178 recentt.
1552 2127 1778 2187 fabulosa
1815 2127 2047 2177 Gronov.
2084 2133 2140 2176 et
2174 2128 2242 2177 al'.
2283 2136 2514 2181 vem—8

307 2190 401 2240 Ita
421 2191 578 2241 codd.
602 2191 861 2242 Harduini
884 2199 940 2242 et
968 2193 1154 2243 Doleo.
1195 2208 1312 2244 cum
1353 2193 1476 2243 edd.
1511 2191 1768 2242 Harduin.
1805 2197 1851 2241 l.
1886 2196 1939 2241 2.
1976 2196 2026 2241 3.
2060 2200 2117 2241 et
2153 2201 2378 2243 recentt·
2427 2211 2516 2259 pu·

306 2270 487 2317 pavero
523 2255 646 2305 edd.
688 2263 816 2307 vett.
845 2265 901 2306 et
934 2255 1266 2308 Groneia—4
1300 2258 1387 2308 Ita
1423 2258 1549 2305 Vet.
1593 2256 1774 2305 Dslec.
1812 2256 2077 2305 Harduin:
2103 2261 2149 2306 1.
2181 2262 2232 2309 2.
2264 2262 2314 2307 3.
2347 2269 2402 2308 et
2438 2273 2516 2309 re-

309 2326 478 2369 centt.
513 2321 706 2369 Mitras:
727 2321 957 2372 Gronov.
1027 2322 1177 2384 Mox,
1209 2329 1302 2383 est,
1341 2323 1396 2371 in
1439 2320 1620 2379 Rubri,
1652 2322 1734 2383 qv.
1767 2321 1890 2369 Vct.
1933 2320 2114 2369 Dalec.
2152 2327 2208 2370 et
2248 2322 2517 2372 Fontem-

311 2389 344 2433 5
381 2384 470 2434 Ita
492 2384 641 2435 codd.
667 2385 926 2436 Harduini
947 2390 1004 2435 et
1025 2386 1211 2436 Dalec.
1235 2401 1351 2436 cum
1386 2385 1510 2434 edd.
1551 2384 1810 2447 Harduin.
1837 2389 1879 2433 1.
1904 2389 1955 2433 2.
1978 2388 2028 2433 3.
2051 2391 2107 2433 et
2131 2393 2353 2436 recenti.
2408 2388 2517 2437 Me-

311 2455 465 2498 rocta
486 2449 718 2499 Gronov.
737 2458 793 2500 et
809 2451 875 2501 al.
895 2455 1122 2501 seth—6
1154 2450 1236 2500 lta
1258 2465 1325 2500 ex
1346 2450 1497 2499 codd.
1524 2448 1830 2498 Harduinus
1853 2457 1905 2497 et
1930 2456 2156 2496 recentt.
2226 2451 2415 2499 Mor-ion
2434 2451 2519 2500 In·

313 2513 440 2574 dica,
459 2516 540 2578 ξε.
577 2515 809 2564 Gronov.
833 2523 890 2566 et
912 2515 1086 2579 vulgg.
1134 2514 1294 2564 Morio
1313 2514 1366 2563 in
1388 2514 1535 2564 India
1555 2518 1767 2562 meatur.
1831 2512 2150 2569 Prominium,
2173 2513 2225 2561 in
2242 2529 2334 2577 qua
2353 2513 2521 2564 misce·

314 2581 398 2626 tur
418 2582 466 2627 et
486 2578 811 2630 carbunculus.
864 2578 1248 2631 Alexandrinum
1280 2579 1482 2629 Fuxen.
1521 2577 1793 2640 proximum
1813 2576 2211 2634 Alexandrinum,
2231 2583 2280 2627 et
2296 2578 2378 2627 ubi
2401 2579 2521 2629 cod.

314 2641 600 2693 Doleo—⁷
615 2643 702 2692 Ita
725 2643 877 2693 codd.
904 2643 1163 2693 Harduini
1183 2650 1237 2693 et
1257 2643 1448 2693 Dalec.
1466 2656 1587 2698 cum
1609 2640 1731 2690 edd.
1750 2641 2005 2690 Hardnin.
2020 2645 2128 2689 1.2.
2147 2645 2194 2690 3.
2217 2648 2271 2690 et
2292 2651 2518 2692 recentt.

299 2705 573 2771 facientque
586 2708 796 2758 minima·
810 2722 1012 2770 gemma·
1031 2708 1266 2771 ung-uenti
1283 2709 1489 2773 odorem,
1504 2706 1678 2755 attrita
1697 2706 1841 2756 etium
1861 2704 2003 2754 nardi
2018 2706 2250 2758 Gronov,
2266 2715 2323 2757 et
2341 2709 2518 2772 vnlgg.

382 2901 408 2937 θ
441 2903 731 2969 Meconites]
765 2901 971 2963 Μῆωνα
1005 2903 1181 2955 Graeci
1219 2919 1378 2968 papa·
1522 2909 1547 2936 ²
1578 2901 1741 2950 Morio
1761 2902 1813 2950 in
1838 2900 2007 2964 India]
2059 2901 2298 2952 Indicum
2329 2901 2380 2950 id
2405 2900 2524 2951 bar·

318 2991 416 3027 ver
437 2988 760 3042 nuncupant.
801 2979 936 3030 Hac
954 2980 1152 3043 pariter
1173 2980 1380 3029 Solinus
1460 2976 1798 3039 baricumqne
1838 2977 2141 3037 vocabulum
2178 2991 2294 3025 esse
2328 2975 2522 3038 signifi-

322 3066 442 3116 csp.
482 3057 566 3105 37.
611 3068 729 3118 pag.
759 3058 843 3104 67.
872 3062 929 3104 et
957 3054 1192 3105 Isidorus
1229 3054 1382 3118 Orig.
1461 3058 1554 3102 cat
1585 3066 1602 3101 ι
1670 3050 1878 3108 Grmezz,
1942 3066 2060 3116 qum
2114 3051 2522 3116 subsequuntur,

323 3141 438 3178 xvt.
465 3132 543 3178 14.
1460 3123 1709 3189 πράμνιον,
1730 3128 1829 3175 &c.

389 3211 414 3238 ⁰
446 3204 721 3254 Minu-oxa
742 3203 938 3267 Persis]
984 3204 1089 3257 Qui
1113 3205 1285 3255 Solem
1305 3204 1382 3268 ip·
1532 3200 1555 3233 ἲ
1576 3201 1658 3250 Aa
1694 3206 1887 3264 ectypas
1921 3199 2209 3263 scalpturas]
2245 3199 2327 3249 Ad
2353 3203 2524 3265 scalp-

321 3293 436 3328 sum
460 3279 688 3328 Mithran
730 3286 933 3337 vocant,
962 3287 1019 3329 ut
1039 3280 1232 3331 Strabo
1266 3295 1383 3344 pro·
1467 3277 2060 3340 turasimaginnm,quae
2076 3289 2212 3325 cerae
2226 3275 2524 3338 appr-imun-

324 3352 464 3403 didit
485 3354 578 3403 lib.
600 3367 696 3405 xv.
762 3355 903 3405 Hinc
926 3362 1143 3406 vetusta
1164 3356 1384 3420 inscrip-
1468 3363 1572 3402 tur.
1638 3351 1880 3401 Diximus
1924 3350 1991 3400 de
2034 3364 2097 3400 ea
2142 3365 2269 3401 voce
2325 3357 2528 3416 ectypon

325 3429 498 3479 tiones
539 3430 761 3494 passim:
818 3443 955 3480 sou.
1000 3443 1248 3482 mvrcro.
1293 3443 1386 3480 ur·
1469 3441 1647 3480 xxxv.
1668 3432 1752 3477 43.

323 3505 622 3554 ‘rnna—⁸
640 3504 836 3554 Tamen
869 3503 1073 3553 Herod.
1097 3504 1188 3554 lib.
1208 3518 1247 3554 1.
1285 3505 1386 3554 Mi·
1529 3513 1556 3548 t
1592 3502 1887 3568 Myrrhites]
1929 3502 2135 3553 Solinus
2154 3518 2274 3567 cap.
2297 3506 2380 3552 37.
2405 3517 2527 3566 pag.

326 3590 464 3628 tram
488 3579 619 3630 dicit
653 3594 686 3628 a
723 3579 901 3629 Persis
934 3580 1193 3630 Venerem
1226 3578 1389 3630 fuisse
1467 3584 1553 3630 67.
1623 3579 1929 3629 Priscianus
1974 3581 2025 3628 iu
2072 3578 2358 3640 Periegesi,
2405 3593 2527 3641 pag.

328 3654 689 3719 appellatam.’
724 3657 821 3706 Ea.
852 3656 1148 3706 sem—Hac
1185 3670 1390 3720 gemma
1468 3658 1583 3704 393.
1636 3662 1651 3683 ⁶
1672 3653 2094 3718 Myrrbitenque‚
2147 3654 2336 3703 bonum
2379 3652 2528 3701 ns'rdi

326 3730 520 3780 dicitnr
555 3745 588 3780 a
620 3730 795 3780 Selino
832 3731 933 3780 loc.
970 3730 1062 3781 cit.
1101 3737 1155 3783 et
1187 3730 1389 3781 Isidoro
1470 3746 1589 3780 cum
1615 3729 1799 3779 reddat
1819 3728 2065 3779 odorem.’

329 3805 487 3869 Orig.
510 3817 628 3856 xvr.
650 3810 731 3855 12.
797 3806 1099 3870 Mithridate,
1121 3806 1387 3857 mendose.
1535 3804 1560 3840 ¹²
1594 3805 1909 3870 Myr-mecine]
1944 3801 2275 3869 Mvppnxtaari
2293 3802 2529 3852 similitu·

329 3881 564 3932 Pliniani
587 3894 763 3931 omnes
785 3883 922 3945 libri,
943 3882 1157 3932 Mitt-ox.
1471 3880 1597 3929 dine
1618 3893 1846 3936 verruca,
1885 3894 2039 3946 quam
2076 3879 2248 3929 Graeci
2269 3877 2530 3942 μυρμηκίαν

396 3956 421 3991 ⁴¹
453 3956 761 4020 Mor-octenis]
795 3959 881 4009 Sic
910 3958 1028 4008 libri
1050 3971 1245 4008 omnes.
1278 3957 1392 4008 Mo·
1471 3962 1794 4017 nuncupant.

330 4031 546 4082 rechitis
601 4047 823 4096 gemma,
873 4032 1058 4097 inquit,
1107 4045 1397 4096 quanquam
1540 4031 1556 4066 ¹
1584 4030 1897 4096 Myrsinites]
1934 4029 2017 4081 Ab
2038 4029 2198 4080 odore
2226 4031 2391 4096 myrti,
2413 4044 2529 4095 quoe

330 4122 430 4173 per
460 4122 519 4158 se
550 4122 802 4172 porracea
835 4107 1137 4172 viridisque,
1171 4108 1294 4156 trita
1318 4114 1396 4156 ta·
1475 4107 1680 4158 Graecis
1699 4104 1914 4170 μυρσίνη.

329 4199 455 4235 men
476 4185 736 4235 candicat.
766 4185 903 4235 Vide
922 4186 1090 4236 Notas
1107 4191 1163 4235 et
1175 4182 1393 4236 Emend.
1532 4183 1551 4227 1
1584 4184 1896 4246 Mesoleucos]
1951 4180 2258 4233 Μεσόλευκος
2291 4190 2345 4231 et
2384 4181 2529 4242 μεσό-

331 4276 476 4311 num·
497 4265 583 4310 28.
1470 4269 1624 4321 uenas
1682 4261 1957 4313 contrariis
2004 4275 2070 4311 ex
2113 4259 2279 4309 causis
2333 4259 2529 4307 liabent

466 4341 645 4406 Delph.
663 4347 716 4392 et
743 4342 859 4392 Var.
888 4342 1017 4392 Clas.
1355 4341 1569 4392 Plinius.
2252 4341 2314 4387 14
2350 4338 2399 4387 G
