3000 4917
520 365 696 432 4814

522 524 729 592 moris
760 523 1206 590 abundantia:
1252 523 1636 590 densatur³0
1663 524 1880 606 rigore
1907 523 2020 587 vel
2049 528 2280 606 tepore
2313 521 2719 588 autumnali.J

522 630 697 697 Cum
737 623 1221 693 intumescens¹¹
1266 633 1482 691 aestus
1511 626 1739 710 rapuit
1765 643 1855 690 ex
1883 625 2145 704 insulis,
2177 633 2358 690 certe
2387 626 2462 689 in
2506 623 2725 689 littora

522 731 914 814 expellitur,
939 729 1035 792 ita
1077 728 1393 806 volubile,
1421 734 1499 791 ut
1525 724 1855 811 pendere¹
1897 727 2226 803 videatur}
2255 735 2465 809 atque
2487 733 2538 773 ³¹
2579 744 2725 789 con·

525 833 741 897 sidere
788 832 853 895 in
881 829 1083 894 vado.
1174 827 1451 893 Arboris
1474 848 1752 892 succum
1772 834 1826 875 ³²
1854 847 2005 892 esse
2037 829 2244 911 prisci
2271 828 2489 892 nostri
2507 834 2550 862 ¹¹³
2591 846 2728 891 cre-

520 933 773 1009 didere,
801 935 888 996 ob
934 930 1004 994 id
1049 931 1394 995 succinum
1420 930 1871 1013 appellantes,
1959 929 2188 994 Pineae
2215 937 2438 995 autem
2469 930 2728 992 arboris

526 1051 677 1098 esse
722 1033 972 1098 indicio
1015 1039 1122 1097 est
1169 1033 1407 1116 pineus
1434 1034 1501 1094 iu
1533 1032 1765 1095 attritu
1795 1030 1981 1105 odor,
2012 1036 2081 1094 et
2109 1030 2291 1113 quod
2323 1048 2687 1095 accensum
2705 1036 2730 1063 ¹³

522 1135 726 1201 taedae
776 1135 983 1201 modo
1035 1155 1116 1201 ac
1161 1136 1390 1199 nidore
1439 1135 1743 1216 flagret-³³
1846 1131 2234 1198 Affirmatur
2280 1152 2323 1196 a
2372 1130 2729 1196 Germanis

526 1237 684 1302 ideo
730 1239 1066 1303 maxime⁰
1116 1238 1478 1322 appetitam
1524 1236 1976 1319 provinciam:
2022 1241 2089 1300 et
2122 1235 2277 1300 inde
2307 1234 2562 1300 Veneti
2600 1233 2731 1315 pri·

524 1354 731 1415 mum,
776 1358 949 1421 quos
993 1339 1226 1405 Graeci
1274 1338 1534 1402 Enetos
1579 1339 2041 1414 vocabant,³4¹'
2081 1337 2329 1401 famam
2371 1337 2471 1399 rei
2516 1334 2729 1400 secere

523 1438 856 1520 proximae
901 1439 1292 1517 Pannoniae,
1321 1439 1393 1503 id
1422 1438 1834 1521 accipientes
1862 1440 2042 1503 eirca
2069 1458 2252 1504 mare
2282 1438 2729 1502 Adriaticum.

527 1537 724 1605 Pado
747 1549 941 1606 veroq
966 1561 1255 1611 annexae
1274 1540 1525 1606 fabulae
1550 1539 1807 1605 videtur
1828 1547 2107 1619 oausa,³⁵
2128 1540 2470 1625 hodieque
2490 1539 2731 1604 Trans-

1260 381 1326 430 0.
1372 379 1619 429 tumn
1667 377 2002 430 saeuum

1447 1723 1595 1745 OM
1600 1720 1811 1744 “000“

527 1836 680 1886 σκιά.
698 1850 810 1884 cour

526 1901 730 1949 medulla
750 1901 801 1949 ιἰι
828 1900 956 1963 pinei
984 1917 1098 1963 gen.
1132 1905 1213 1966 &c-
1247 1905 1406 1953 resina
1438 1906 1593 1968 pineis
1622 1904 1825 1968 erumpit
1845 1903 2084 1960 humoris,-
2117 1904 2184 1950 al.
2209 1909 2339 1951 vett.
2366 1917 2453 1964 ap.
2486 1901 2729 1956 eundem,

527 1965 735 2027 erumpit
776 1965 986 2015 humoris
1016 1967 1322 2017 abundantia.
1355 1969 1635 2025 Dantur,-
1666 1970 1757 2018 alii
1794 1976 1928 2018 vett.
1960 1969 2267 2029 mmpeatis.
2335 1967 2483 2025 Mox,
2518 1979 2615 2028 pro
2647 1981 2733 2014 aa·

526 2029 748 2084 amu,
770 2030 887 2080 cod.
908 2030 1092 2081 Dalec.
1124 2039 1209 2082 aut
1239 2033 1512 2083 marie—31
1548 2034 1670 2083 Vet.
1691 2033 1876 2082 Dalec.
1907 2035 2203 2094 nequa—⁸2
2236 2033 2254 2059 ‘
2275 2032 2362 2080 Ita
2383 2029 2539 2078 codd.
2562 2031 2731 2092 Regg.

529 2092 596 2142 In
632 2092 873 2144 Editioue
908 2096 1148 2159 principe
1181 2097 1421 2161 aliisque,
1458 2099 1580 2159 quod
1611 2095 1831 2153 arboris?
1866 2099 1948 2157 ἆγε.
1983 2096 2340 2145 Bronten—83
2376 2094 2508 2143 Cod.
2550 2095 2733 2144 Dalec.

515 2157 859 2220 fluerat—84
892 2161 908 2188 ‘
934 2160 1021 2208 Ita
1056 2160 1210 2210 codd.
1250 2163 1418 2225 Regg.
1449 2166 1498 2211 2.
1522 2166 1571 2209 3.
1595 2167 1645 2210 6.
1665 2160 1734 2211 6?
1767 2161 1983 2210 Brotier.
2051 2160 2276 2224 Affertur
2311 2175 2341 2208 a
2383 2159 2646 2208 Germanis
2680 2161 2729 2206 ia

528 2221 830 2271 Pannoniam
862 2225 1070 2273 ’κακίαι
1095 2225 1407 2287 provinciam.
1478 2226 1596 2274 Inde
1625 2225 1794 2275 Veneti
1823 2225 2032 2287 primam
2050 2240 2164 2288 quos
2191 2225 2357 2273 Groeci
2393 2224 2612 2272 Heneios
2649 2238 2732 2270 uo-

527 2289 640 2334 cant
659 2287 732 2335 rei
749 2288 937 2345 sam
955 2288 1135 2346 secere.
1165 2290 1374 2352 proximi
1397 2290 1661 2339 Pannonia
1682 2290 1915 2339 Gronov.
1937 2297 1992 2337 et
2015 2290 2189 2353 vulgg.
2219 2288 2508 2353 Affimatar
2545 2302 2577 2336 u
2607 2287 2675 2335 G.
2694 2287 2729 2334 i.

527 2364 718 2464 333¹}
737 2356 788 2464 *Ξ
806 2351 1708 2470 Ὑέέΐέἒῗῧέήέἓ’”ὀ2ἒ”ἰξίἲῗῗ
1726 2353 2258 2478 ’ἔὲἒὲἱί’ἕ.ι,..ι.““”“”ω.α.’··
2239 2352 2562 2467 ’,ζ’ἔᾞιῗ·
2581 2350 2730 2465 {1¹35

526 2454 529 2455 ν
656 2443 672 2462 0
726 2447 740 2463 ο
790 2449 806 2464 ο
860 2449 874 2465 ο
1199 2445 1263 2456 “-
1479 2453 1493 2467 ο
1685 2452 1701 2469 ο
2510 2450 2526 2466 ⁸
2714 2447 2728 2471 5

1519 2550 1573 2599 N
1577 2548 1738 2600 0⁹1·AE

518 2638 699 2703 pineis.
733 2640 923 2693 Sextus
943 2643 1031 2693 hic
1055 2658 1271 2707 casus‚a
1286 2644 1448 2710 pinus,
1465 2646 1588 2710 pini,
1665 2645 1852 2708 nelina,
1893 2644 1971 2694 uti
2010 2658 2076 2693 ex
2118 2642 2430 2695 cassiodoro
2471 2643 2716 2708 iutelligi-

530 2715 772 2766 secundae
796 2718 1176 2770 declinationis.
1670 2735 1806 2783 mus,
1838 2721 1964 2770 Var.
1997 2721 2169 2784 Epist.
2204 2735 2260 2770 v.
2291 2725 2341 2770 2.
2381 2720 2592 2770 Solinus
2625 2721 2721 2773 loc.

592 2789 611 2832 ³
652 2790 740 2840 Vel
761 2797 921 2855 tepore
941 2796 1232 2859 autumnali]
1266 2796 1472 2845 Solinus
1486 2797 1591 2846 loc.
1672 2797 1763 2846 cit.
1797 2798 1813 2825 ‘
1838 2796 2057 2845 Succum
2082 2810 2197 2846 esse
2230 2796 2429 2845 arboris
2468 2797 2538 2845 de
2568 2798 2724 2845 nomi-

805 1837 950 1899 8⁸⁸²:
981 1837 1214 1889 Gronov.
1249 1845 1308 1890 et
1344 1840 1513 1905 vulgg.
1548 1840 1818 1900 invehatur,
1839 1840 2057 1901 &m—so
2089 1837 2214 1887 Vet.
2235 1837 2427 1887 Dalec.
2460 1835 2676 1900 ddum
2705 1852 2732 1885 e

531 2864 623 2916 cit.
657 2864 729 2915 At
752 2866 985 2918 Isidorus
1006 2870 1158 2934 Orig.
1180 2884 1301 2919 xvr.
1317 2875 1367 2921 8.
1389 2873 1591 2920 vettem-

526 2955 661 3006 pore,
684 2943 948 2994 mendose.

597 3015 621 3048 '¹
656 3018 779 3066 Cum
800 3018 1134 3084 intumescens]
1154 3022 1481 3072 Tacitusloc.
1494 3023 1590 3073 cit.

528 3093 549 3122 ‘
563 3093 909 3144 Foecundiora
926 3096 1088 3159 igitur
1103 3111 1310 3146 nemora
1330 3100 1590 3162 lucosque,

530 3169 668 3218 sicut
692 3168 931 3220 Orientis
949 3174 1186 3236 secretis,
1204 3173 1290 3222 ubi
1312 3174 1465 3223 thura
1481 3173 1591 3222 bal·

530 3260 776 3310 remaque
799 3248 1071 3308 sudantur,
1097 3251 1170 3300 ita
1207 3250 1490 3301 occidentis
1513 3252 1590 3300 iu-

528 3322 651 3371 sulis
673 3323 931 3390 terrisque
947 3326 1114 3377 inesse
1127 3328 1457 3385 crediderim,
1475 3344 1590 3392 quae

532 3395 688 3445 vicini
708 3397 846 3447 Solis
869 3400 1028 3450 radiis
1061 3416 1324 3467 expressa,
1354 3412 1508 3468 atque
1528 3406 1590 3454 li-

531 3470 765 3535 quentia,
787 3473 839 3521 in
864 3477 1155 3537 proximum
1173 3491 1316 3526 mare
1331 3479 1594 3541 labuntur,

531 3560 595 3595 ac
619 3546 668 3596 vi
690 3553 1061 3612 tempestatum
1085 3551 1138 3600 in
1161 3551 1381 3603 adversa
1409 3555 1593 3604 littora

532 3622 837 3675 exundant?

609 3699 623 3734 ¹
648 3702 717 3751 Ut
733 3704 959 3767 pendere]
1012 3705 1090 3755 Ut
1113 3705 1264 3756 modo
1287 3705 1517 3769 pendere
1538 3708 1589 3756 in

531 3777 695 3843 aquis,
717 3780 872 3829 modo
894 3780 947 3831 in
979 3782 1112 3831 vado
1145 3783 1419 3832 considere
1448 3783 1593 3834 vide·

532 3861 663 3903 atur.
729 3856 812 3905 Ita
836 3857 968 3908 Mss.
990 3873 1186 3909 omnes.
1235 3859 1513 3909 Salmasius
1538 3862 1591 3911 in

532 3928 690 3977 Soliu-
715 3943 768 3992 p.
788 3935 901 3982 234.
941 3933 1090 3996 legit,
1126 3939 1265 3998 atque
1301 3950 1394 3984 non
1413 3935 1587 3985 sidere.

531 4004 747 4055 Tacitus
769 4007 882 4057 loco
895 4009 984 4059 cit.
1006 4010 1145 4060 inter
1167 4012 1297 4061 vada
1320 4014 1584 4061 succinum

534 4079 646 4140 peti
669 4080 761 4128 ait.

597 4160 635 4187 ¹¹
655 4155 857 4204 Arboris
885 4172 1067 4209 succum
1100 4175 1198 4210 esse
1226 4161 1378 4224 prisci
1414 4164 1589 4228 nostri]

526 4226 746 4280 Priscus
783 4230 895 4280 illos
915 4242 1129 4284 secutus
1150 4242 1234 4286 est
1258 4236 1435 4301 Nepos
1459 4239 1587 4289 Cor-

1669 2872 1749 2921 nis
1793 2870 2170 2935 significatione
2211 2885 2454 2933 capessas
2478 2887 2495 2920 ε
2552 2885 2726 2921 verum

1674 2949 1811 2997 uude
1849 2946 2082 3012 profluit,
2117 2948 2162 2997 si
2199 2949 2411 3012 usseris,
2446 2948 2579 2998 odor
2603 2948 2726 2998 indi·

1671 3026 1844 3077 cabit.'

1733 3112 1761 3138 ¹·
1790 3106 1864 3153 Et
1902 3105 2024 3168 qaod
2060 3103 2327 3166 mmm]
2370 3104 2590 3154 Tacitus
2628 3104 2724 3152 loc.

1670 3179 1763 3231 cit.
1797 3181 1812 3206 ‘
1828 3179 1885 3229 Si
1910 3187 2146 3228 naturam
2164 3180 2362 3230 succini
2377 3179 2593 3230 admoto
2614 3179 2724 3243 igue

1671 3259 1863 3318 tentes,
1900 3254 1952 3302 iu
1989 3254 2192 3304 modum
2216 3253 2367 3304 taedae
2387 3253 2723 3304 accenditur:

1670 3330 1863 3393 alitque
1882 3328 2134 3379 flammam
2153 3331 2394 3394 pinguem
2407 3336 2464 3380 et
2477 3331 2723 3380 olentem:

1669 3419 1789 3454 mox
1815 3414 1870 3453 ut
1885 3406 1936 3453 in
1957 3405 2124 3468 picem
2144 3405 2433 3455 resinamve
2447 3402 2725 3457 lentescit!

1731 3489 1756 3514 ⁰
1787 3480 1903 3535 Ideo
1931 3479 2160 3543 maxime]
2190 3481 2421 3544 Propter
2448 3481 2724 3531 succinum.

1667 3558 1837 3608 Notat
1873 3557 2125 3605 luxuriam
2167 3570 2371 3605 suornm
2418 3562 2723 3620 temporum.

1667 3633 1805 3684 vide
1832 3633 2002 3682 Notas
2027 3639 2081 3682 et
2105 3632 2319 3682 Emeud.
2335 3646 2488 3685 num.
2513 3636 2567 3685 7.

1729 3717 1757 3751 Ρ
1791 3709 1972 3758 Enetos
2009 3709 2278 3773 [Masatos]
2314 3708 2577 3775 meabant]
2617 3710 2721 3760 Ma·

1659 3784 1804 3848 jores
1827 3785 2020 3833 succini
2044 3784 2243 3848 glebas,
2267 3784 2351 3834 vel
2373 3784 2720 3848 pretiosiores,

1664 3859 1937 3920 μακίστους.

1730 3944 1755 3978 ¹1
1786 3935 1926 3984 Pado
1947 3935 2079 3999 vero]
2126 3936 2291 3986 solini
2323 3937 2659 4002 paraphrasis
2677 3952 2718 3986 e.

1665 4015 1746 4061 2⁰.
1765 4028 1813 4076 p.
1829 4016 1912 4060 4⁰.
1925 4012 1989 4060 de
2003 4014 2240 4062 succino:
2265 4019 2281 4042 ‘
2295 4014 2533 4064 Pretium
2552 4027 2718 4078 operar

1669 4096 1752 4136 est
1798 4089 1874 4137 ire
1918 4089 2137 4150 longius,
2179 4104 2245 4138 ne
2298 4089 2529 4139 Pedana*
2569 4091 2718 4154 sylvae

1668 4163 1948 4212 credantur
1999 4164 2226 4226 lapidem
2278 4162 2506 4215 flevisse.
2571 4165 2715 4215 Hanc

1665 4241 1892 4302 speciem
1932 4240 1982 4290 in
2007 4239 2275 4305 Illyricum
2310 4240 2518 4292 barbari
2538 4239 2717 4292 intule-
