3000 4917
579 1032 1141 1157 INDEX
1286 1058 2235 1168 AUCTORUM

688 1353 826 1406 QUI
860 1356 1004 1407 VEL
1036 1358 1120 1408 IN
1155 1359 1418 1412 INDICE
1450 1364 1594 1413 VEL
1624 1362 1819 1416 ΤΟΤΟ
1856 1365 2101 1416 OPERE

929 1499 987 1550 A·
1010 1501 1272 1553 PL1N10
1303 1503 1857 1558 APPELLANTUR.

1100 1735 1695 1753 ———.-

1287 1963 1424 2012 ·A.

291 2046 540 2133 Accius,
574 2076 706 2142 sive,
740 2082 799 2127 ut
830 2077 919 2126 aiii
952 2077 1170 2139 malunt,
1202 2077 1402 2126 Attius.-
1437 2081 1708 2142 utramque
1743 2077 2051 2142 scripturam
2086 2077 2381 2142 approbant
2412 2079 2490 2128 in·

289 2156 606 2220 scriptiones
649 2163 854 2207 veteres
890 2158 1028 2221 apud
1068 2157 1370 2207 Gruterum.
1435 2157 1751 2207 Praenomen
1788 2158 1839 2206 ei
1879 2157 2070 2208 Lucius
2106 2157 2225 2208 fnit.
2291 2159 2495 2209 Floruit

292 2236 510 2300 Olymp-
531 2250 660 2288 (ιιι.
684 2251 819 2287 anuo
841 2238 907 2287 U.
931 2237 990 2288 C.
1016 2250 1190 2287 ncxv.
1212 2236 1337 2287 belli
1371 2237 1674 2288 Numantini
1704 2238 2042 2301 temporibus.
2104 2238 2493 2303 Tragoediarum

292 2315 523 2379 scriptor
557 2315 694 2366 baud
738 2317 999 2381 ignobilis.
1064 2317 1297 2367 Pacuvio
1330 2318 1460 2378 seni,
1492 2317 1607 2381 ipse
1643 2321 1726 2367 5⁰.
1760 2318 1909 2367 annis
1939 2318 2139 2383 junior,
2160 2333 2256 2368 sua
2287 2319 2494 2382 ‘scripta

292 2395 514 2446 Tarenti
539 2396 794 2448 recitavit.
860 2397 1128 2448 Laudatur
1150 2397 1341 2449 Accius
1364 2398 1417 2448 in
1437 2398 1781 2462 Pragmaticis
1801 2415 1836 2448 a
1868 2399 2041 2450 Gellio
2062 2412 2166 2449 xx.
2190 2403 2238 2450 8.
2272 2414 2324 2463 p.
2348 2402 2493 2449 1110.

291 2475 434 2538 quod
461 2490 591 2540 opus
613 2477 740 2527 illud
762 2479 929 2542 ipsum
952 2486 1054 2540 est,
1088 2479 1228 2542 quod
1261 2492 1292 2527 a
1314 2478 1486 2527 Plinio
1509 2478 1842 2528 Praxidicum
1866 2478 2175 2542 appellatur,
2194 2484 2304 2527 tum
2327 2477 2381 2526 in
2402 2475 2492 2527 In-

290 2555 412 2604 dice
431 2556 521 2605 lib.
547 2570 713 2609 xvur.
741 2567 849 2609 tum
890 2571 1008 2622 cap.
1038 2563 1120 2608 65.
1154 2558 1384 2622 eJusdem
1423 2557 1561 2607 libri.
1625 2557 1852 2621 Scripsit
1891 2566 1948 2608 et
1978 2557 2208 2607 Annales
2241 2557 2492 2612 carmine.

291 2649 509 2698 qnorum
532 2638 829 2688 Macrobius
852 2639 1087 2689 meminit
1107 2639 1318 2690 Saturn.
1339 2643 1449 2689 ra.
1472 2653 1525 2705 p.
1545 2642 1663 2690 221.
1719 2638 1919 2689 Horum
1939 2638 2125 2688 librum
2149 2649 2336 2688 xxvu.
2360 2637 2493 2687 citat

294 2716 503 2779 Festus,
525 2717 682 2768 verbo
703 2718 719 2745 ‘
741 2717 979 2769 Metelli?
1114 2708 1122 2719 ’

359 2796 537 2848 Accius
558 2799 781 2849 Plautus.
842 2798 980 2850 Vide
1002 2800 1226 2850 Plautus.

362 2880 490 2927 Acta
515 2878 893 2942 ffimphomm.
957 2880 1217 2930 Videntur
1240 2894 1351 2929 esse
1373 2893 1452 2929 eae
1474 2878 1685 2929 Tabulae
1709 2881 2019 2932 Consulares
2041 2886 2097 2931 et
2114 2877 2494 2942 Triumphales,

293 2973 513 3023 quarum
536 2957 829 3023 fragmenta
849 2968 1035 3009 extant
1057 2961 1193 3024 apud
1229 2960 1557 3026 Onupbrium
1591 2960 1918 3011 Panvinium.
1982 2960 2268 3011 Auctorem
2290 2958 2494 3008 illarum

291 3046 419 3089 sunt
446 3040 536 3106 qui
571 3040 809 3090 Verrium
849 3041 1092 3091 Flaccum
1127 3047 1336 3105 putent,
1373 3039 1440 3090 de
1479 3052 1584 3104 quo
1615 3053 1708 3089 nos
1750 3038 1995 3089 iuferius:
2043 3037 2143 3090 etsi
2177 3037 2264 3087 ille
2297 3033 2497 3085 Tiberii

291 3119 589 3184 principatu
610 3120 758 3171 obiit.
1891 3106 1897 3112 ’

361 3199 490 3253 Acta
509 3200 687 3264 Populi
708 3200 850 3251 Rom.
915 3199 1030 3251 Lib.
1050 3214 1177 3251 vm.
1202 3214 1320 3264 cap.
1340 3203 1423 3249 61.
1473 3200 1614 3249 Acta
1631 3198 1856 3250 Senatus
1877 3197 2054 3249 laudat
2076 3196 2285 3247 Sueton.
2309 3195 2361 3245 in
2386 3193 2494 3244 Au·

294 3287 471 3347 gusto,
487 3295 536 3330 c.
557 3286 606 3331 5.
638 3278 776 3331 Acta
797 3277 1023 3345 publica,
1046 3282 1097 3331 in
1122 3275 1375 3344 Caligula,
1390 3295 1438 3330 c.
1462 3284 1512 3330 8.

360 3360 490 3410 Acta
512 3365 774 3425 temporum
791 3362 1023 3423 Augusti.
1089 3360 1201 3410 Lib.
1221 3373 1323 3410 vu.
1347 3372 1466 3422 cap.
1483 3362 1567 3408 ll.

294 3478 299 3487 .
361 3441 697 3493 Admoneri&-
734 3440 1032 3503 Ἀδείμαντον
1049 3440 1294 3491 Straboni
1312 3438 1403 3490 lib.
1426 3452 1567 3491 ¹11¹.
1581 3454 1632 3504 p.
1652 3442 1768 3489 589.
1831 3438 2016 3488 Patria
2033 3437 2428 3500 Lampsacenus.

360 3524 525 3574 AElius
546 3524 692 3574 Stilo.
757 3523 1035 3573 Hominem
1075 3523 1303 3576 doctum,
1345 3530 1404 3571 et
1438 3521 1692 3570 Varronis
1735 3519 2048 3582 Magistrum
2090 3518 2320 3581 appellat
2358 3516 2493 3566 hunc

293 3605 500 3657 Gellius
522 3616 640 3655 xvr.
663 3607 712 3653 8.
736 3618 788 3668 p.
808 3607 924 3654 883.
949 3610 1003 3653 et
1026 3602 1293 3666 Sosipater
1310 3601 1406 3653 lib.
1427 3615 1468 3651 r.
1492 3618 1545 3665 p.
1564 3605 1645 3652 64.
1711 3602 1841 3650 Eum
1871 3598 2058 3648 Cicero
2081 3597 2381 3647 adolescens
2404 3611 2494 3645 an·

293 3686 444 3737 divit.
512 3686 824 3735 Praenomen
861 3681 914 3734 ei
951 3684 1142 3735 Lucius
1169 3683 1304 3734 fuit:
1338 3696 1625 3746 cognomen
1661 3680 1873 3744 duplex,
1896 3685 2030 3728 teste
2061 3675 2310 3727 Suetonio
2333 3675 2399 3725 de
2421 3675 2492 3724 11-

294 3771 445 3818 lustr.
467 3766 700 3816 Gratum.
723 3779 772 3816 c.
794 3769 844 3814 8.
866 3779 919 3829 p.
943 3768 1057 3827 119.
1090 3766 1228 3815 Nam
1249 3772 1305 3814 et
1328 3762 1682 3817 Praemium,
1706 3759 1843 3824 quod
1868 3765 2021 3821 pater
2035 3757 2154 3818 eJ’ns
2175 3754 2493 3818 praeconium

292 3846 509 3902 fecerat,
525 3847 620 3895 boc
639 3851 737 3909 est,
759 3859 930 3909 praeco
945 3843 1138 3909 fuerat,
1160 3842 1474 3893 vocabatur:
1511 3849 1567 3892 et
1583 3841 1718 3890 Stilo
1739 3838 1849 3887 sive
1865 3837 2032 3900 stylo,
2054 3833 2191 3898 quod
2210 3834 2493 3884 Orationes

295 3927 619 3977 nobilissimo
640 3926 831 3990 cuique
855 3925 1084 3974 scribere
1109 3922 1324 3973 solebat.
1390 3920 1635 3971 Meminit
1664 3919 1933 3980 utriusque
1956 3913 2273 3978 cognominis
2293 3913 2494 3963 Plinius

295 4021 510 4058 xxxin.
529 4011 581 4056 6.
617 4006 817 4055 Passim
839 4021 870 4055 a
894 4006 1052 4055 Festo
1073 4005 1281 4054 citatur.

363 4089 541 4138 AElius.
582 4086 671 4135 ¹In
694 4086 877 4136 Indice
900 4086 989 4135 lib.
1014 4097 1132 4134 xxv.
1159 4091 1214 4133 et
1247 4097 1342 4133 xv.
1378 4088 1433 4131 et
1467 4093 1590 4131 xrv.
1626 4084 1706 4130 15.
1741 4086 1846 4129 tres
1881 4073 2244 4128 Jurisconsulti
2280 4075 2430 4125 simul
2463 4091 2496 4126 a

293 4168 466 4217 Plinio
490 4173 859 4224 memorantur,
880 4166 1129 4228 Scaevolo,
1153 4163 1334 4220 AElius,
1358 4162 1570 4213 Atreius
1593 4159 1810 4223 Capito:
1846 4169 2060 4222 quorum
2087 4154 2320 4206 meminit
2335 4156 2492 4205 Pom-

291 4249 500 4315 ponius,
526 4247 644 4312 Dig.
683 4260 722 4296 ι.
757 4247 840 4297 tit.
881 4248 946 4296 de
985 4245 1203 4311 Origine
1239 4243 1404 4296 Juris.
1471 4241 1663 4291 Sextus
1688 4238 1848 4289 AElius
1870 4237 1953 4288 hic
1978 4241 2206 4286 vocatur.
2274 4234 2494 4300 Scripsit
