3000 4917
505 371 678 452 4612
1232 398 1299 451 c.
1344 397 1593 450 unm
1634 396 1965 450 saccum

503 544 780 627 lygnoto
810 541 1016 627 picti:
1062 544 1471 628 multumque
1511 544 2005 628 comparatione
2049 544 2406 627 superatus
2454 544 2700 611 existi·

502 646 832 724 mabatur,
864 645 1185 729 quoniam
1233 664 1365 709 non
1412 663 1538 710 suo
1588 642 1913 727 genere‘k
1956 646 2306 710 certasset.
2396 646 2590 711 Idem
2628 652 2699 710 et

501 746 853 811 lacunaria
911 747 1161 829 primus
1214 747 1480 829 pingere
1532 747 1858 812 instituit:
1919 766 2044 811 nec
2084 758 2390 812 cameras
2447 744 2696 812 ante⁴¹

499 866 652 912 eum
682 848 909 912 taliter
950 847 1260 913 adornari
1291 867 1437 913 mos
1481 847 1629 911 fuit.
1702 847 1964 912 Parvae
2015 848 2333 932 pingebat
2381 849 2693 926 tabellast,

496 942 922 1031 maximeque
949 968 1216 1031 pueros·
1304 949 1467 1013 Hoc
1497 948 1724 1013 aemuli
1763 967 1913 1013 eum
1953 951 2550 1033 interpretabantur
2589 950 2698 1015 fa-

497 1069 671 1128 cere,
705 1050 1027 1132 quoniam
1055 1049 1245 1114 tarda
1263 1055 1291 1090 ⁵
1317 1049 1603 1132 picturae
1636 1049 1812 1113 ratio
1836 1056 2017 1115 esset
2044 1051 2184 1115 illa.
2234 1049 2696 1129 Quamobrem

494 1151 626 1215 arti
658 1148 977 1215 daturus⁶
1019 1158 1087 1214 et
1117 1150 1481 1216 celeritatis
1509 1151 1776 1230 famam,
1818 1152 2112 1218 absolvit
2152 1172 2281 1217 uno
2323 1152 2435 1216 die
2480 1153 2693 1218 tabel-

492 1251 654 1329 lam,
684 1270 841 1335 quae
867 1258 1113 1316 vocata
1142 1258 1251 1315 est
1276 1250 1818 1328 Hemeresios,⁷m
1859 1271 2071 1336 puero
2113 1255 2324 1336 picto.
2408 1253 2693 1320 Amavit

490 1354 559 1415 in
601 1352 883 1435 juventa
903 1349 1255 1437 Glyceram
1304 1352 1717 1435 municipem
1746 1362 1996 1429 suam,¹²
2038 1354 2473 1420 inventricem
2506 1377 2691 1423 coro·

489 1458 784 1530 narum,⁰
823 1454 1273 1535 certandoque
1303 1452 1675 1517 imitatione
1716 1452 1885 1536 ejus»,
1936 1455 2025 1518 ad
2067 1457 2688 1524 numerosissimam

488 1555 724 1620 florum
753 1553 1144 1619 varietatem
1189 1553 1512 1638 perduxit
1540 1561 1752 1619 artem
1783 1554 1991 1622 illam.
2082 1558 2432 1623 Postremo
2458 1555 2691 1643 pinxit

551 1742 578 1767 ⁶
609 1736 722 1786 Non
741 1737 795 1787 in
815 1752 903 1800 quo
922 1718 1128 1789 maxim
1147 1738 1403 1789 excellebat
1417 1750 1593 1800 genere
1609 1737 1825 1800 pictam.

1397 1864 1460 1885 00
1464 1863 1767 1886 ‘nemeae

484 1945 601 1996 eod.
635 1944 770 2008 Reg.
804 1953 860 1996 et
892 1946 1068 1997 Editio
1107 1948 1368 2012 princeps.
1370 1947 1637 1997 ’Brutia‘-

1716 1949 1802 1997 Ita
1840 1962 2042 2012 quoqne
2076 1949 2193 1999 cod.
2234 1952 2416 2000 Dalec.
2471 1951 2688 2015 parietes

488 2010 701 2073 Thespiis
725 2011 956 2061 Gronov.
980 2013 1043 2062 al.
1069 2020 1199 2061 vett.
1218 2011 1480 2061 Harduin.
1507 2018 1553 2060 l.
1578 2016 1627 2060 2.
1643 2015 1695 2059 3.
1717 2020 1774 2061 et
1797 2020 2022 2062 recentt.
2026 2018 2121 2061 —4
2156 2014 2280 2067 Vet.
2322 2016 2506 2066 Dalec.
2542 2017 2683 2066 iusti-

481 2074 580 2121 tuit
599 2080 648 2122 et
667 2089 891 2129 cameras.
913 2090 997 2124 nec
1012 2080 1140 2126 unte.
1206 2077 1355 2135 Mox,
1370 2077 1604 2124 adornare
1623 2077 1854 2135 messuit
1886 2076 2003 2125 cod.
2022 2078 2203 2126 Dalec.
2209 2085 2303 2126 —6
2339 2080 2473 2130 Cod.
2490 2082 2682 2131 Dalec.

478 2152 575 2186 non
632 2141 791 2188 tarda.
793 2144 892 2190 —6
953 2139 1062 2190 Alii
1102 2155 1186 2205 ap.
1235 2140 1416 2191 Dalec.
1460 2139 1731 2190 additurus.
1737 2144 1827 2189 -7
1875 2141 2217 2192 Hemerousios
2256 2143 2380 2193 Vet.
2429 2146 2684 2201 Deiecer-

1468 2270 1685 2323 NOTAE

543 2345 571 2380 ¹¹
604 2348 842 2404 Quoniam
862 2365 956 2400 noa
976 2365 1061 2400 suo
1090 2353 1285 2417 genere]
1316 2353 1537 2417 Pausias

476 2422 613 2471 enim
635 2431 899 2485 encausto,
934 2426 1257 2490 Polygnotus
1290 2426 1537 2492 penicillo

475 2498 740 2548 excelluit.
807 2501 1070 2551 Encausto
1091 2503 1325 2566 pingere,
1357 2511 1413 2553 et
1442 2516 1536 2567 pe-

472 2573 654 2622 nicillo
671 2575 904 2638 pingere,
922 2574 1176 2628 differunt
1192 2593 1206 2628 z
1232 2579 1364 2629 ceris
1387 2578 1536 2642 illud,

472 2646 615 2697 istud
639 2649 916 2707 coloribus.

486 2766 493 2773 .
535 2722 553 2755 ¹
585 2724 692 2773 Nec
719 2740 929 2775 cameras
957 2727 1093 2791 ante]
1129 2729 1361 2780 Camere
1391 2730 1533 2781 lacu-

469 2796 676 2847 naribus
698 2799 1034 2863 ornabantur,
1049 2809 1140 2852 aut
1157 2805 1355 2854 musivo
1372 2819 1532 2868 opere

469 2873 835 2936 pingebantur.
937 2877 1064 2940 Ipsa
1124 2879 1395 2929 lacunaria
1447 2881 1531 2930 vel

471 2946 713 2997 deaurari
743 2950 996 3014 solebant,
1038 2954 1123 3003 vel
1161 2955 1307 3019 pingi
1342 2956 1529 3005 colori·

470 3022 585 3077 bus,
627 3023 765 3087 quod
802 3025 1008 3075 Pausias
1055 3028 1222 3091 primo
1260 3029 1528 3080 inventum

465 3096 581 3148 fuit.
645 3099 812 3149 Vetus
834 3108 1016 3150 auctor
1050 3104 1395 3166 quaestionum
1418 3105 1527 3155 Ve-

468 3172 597 3239 teris
621 3180 677 3223 et
700 3174 838 3223 Novi
856 3175 1005 3226 Test.
1028 3185 1212 3240 quaest.
1236 3183 1348 3228 106.
1378 3179 1396 3207 ‘
1412 3180 1525 3230 Sic-

465 3255 526 3297 ut
549 3249 686 3298 enim
711 3248 775 3297 ad
808 3258 1170 3302 ornamentum
1195 3253 1373 3303 domus
1405 3269 1525 3318 per·

466 3323 619 3386 tinet,
634 3324 675 3372 si
698 3336 905 3375 camera
927 3325 1042 3388 ejus
1061 3326 1252 3378 habeat
1273 3343 1400 3379 auro
1423 3331 1526 3379 dis-

465 3397 632 3445 tincta
651 3397 953 3462 laquearia,’
974 3403 1076 3451 &c.
1144 3401 1378 3453 Isidorus
1406 3418 1527 3455 xix.

465 3474 547 3520 12.
581 3472 599 3498 ‘
621 3471 908 3535 Laquearia
940 3482 1083 3537 sunt,
1118 3490 1236 3539 quae
1264 3491 1524 3528 cameram

447 3546 755 3607 subtegunt
784 3555 841 3597 et
871 3556 1078 3605 ornant,
1101 3565 1215 3615 quae
1238 3560 1294 3601 et
1315 3552 1523 3602 lacuna·

461 3621 540 3670 ria
582 3622 858 3671 dicuntur:
910 3624 1048 3687 quod
1094 3626 1236 3676 lacus
1277 3629 1522 3692 quosdam

461 3696 761 3761 quadratos,
807 3698 887 3747 vel
931 3700 1200 3764 rotundos,
1255 3702 1392 3768 liguo
1439 3707 1521 3754 vel
1561 3720 1570 3726 ·

460 3782 627 3835 gypso
664 3773 748 3822 vel
786 3774 1044 3824 coloribus
1075 3777 1300 3828 habeant
1335 3781 1521 3843 pictos,

459 3860 576 3895 eum
608 3847 766 3910 siguis
801 3849 1271 3904 intermicantibus.
1272 3859 1288 3880 ’
1350 3856 1520 3907 Quem

456 3919 650 3970 Isidori
672 3922 842 3973 locum
864 3924 1120 3976 immerito
1136 3928 1415 3980 Salmasius
1439 3945 1521 3982 re-

457 3995 755 4069 prehendit,
774 3998 826 4047 in
846 4001 1004 4050 Notis
1029 4003 1095 4051 ad
1120 4004 1194 4053 121.
1211 4005 1519 4071 Vopiscum,

461 4085 580 4134 pag.
602 4075 718 4121 398.
751 4074 838 4124 ubi
860 4085 1020 4139 negat
1053 4079 1317 4130 lacunaria
1348 4096 1518 4133 came-

458 4147 531 4194 ris
557 4159 782 4211 unquam
817 4153 1086 4214 supposita
1116 4152 1291 4205 fuisse.
1355 4157 1517 4222 Atqui

459 4220 556 4273 boc
599 4222 803 4278 Plinius
845 4224 1044 4278 diserte
1079 4229 1364 4284 confirmat.
1442 4235 1516 4285 Et

1617 2353 1991 2403 Constantinus
2031 2351 2197 2404 M.·in
2235 2352 2488 2419 Epistola,
2524 2369 2682 2420 quam

1616 2424 1871 2477 Eusebius
1894 2430 2103 2491 recitat,
2126 2430 2191 2479 de
2211 2431 2325 2494 ejus
2348 2430 2475 2480 Vita
2491 2444 2580 2480 111.
2598 2437 2681 2484 32.

1611 2501 1709 2559 'mv
1728 2500 1786 2551 δὲ
1801 2504 1890 2561 τῆς
1921 2505 2176 2562 βασιλικῆς
2213 2502 2443 2568 καμάραν,
2480 2503 2682 2568 πότερον

1612 2581 1927 2645 λακωναρίαν,
1948 2582 1980 2640 ἢ
2013 2583 2071 2631 δι’
2104 2581 2268 2644 ἑτέρας
2294 2581 2425 2631 τινὸς
2456 2582 2682 2645 ἐργασίας
2732 2580 2748 2598 “

1610 2656 1832 2719 ’γενέσθαι
1852 2674 1929 2707 σω
1945 2659 2092 2722 δοκεῖ,
2103 2657 2230 2721 παρὰ
2250 2659 2341 2707 σοῦ
2363 2659 2545 2718 ’γνῶναι
2560 2658 2678 2714 Boe-¹

1610 2741 1772 2793 λομαι.
1838 2732 1895 2782 Ei
1914 2732 2009 2797 ’γὰρ
2027 2733 2296 2796 λακωναρῖα
2336 2732 2455 2783 εἶναι
2483 2734 2676 2795 μέλλοι,

1609 2807 1861 2867 δυνήσεται
1891 2810 1975 2859 καὶ
2002 2803 2174 2874 ’χρυσῷ
2209 2812 2599 2869 nummu-affluat
2617 2812 2680 2876 τὶς

1606 2884 1901 2946 λειπόμενον.
1979 2887 2136 2935 Porro
2170 2901 2405 2936 cameram
2445 2888 2679 2941 Basilica

1608 2966 1769 3008 atrum
1788 2960 2068 3023 laqueatam,
2084 2976 2147 3010 au
2168 2962 2262 3010 ulio
2283 2965 2503 3025 quopiam
2522 2965 2677 3026 operis

1603 3050 1776 3097 genere
1794 3034 2072 3094 faciendum
2107 3051 2313 3092 censeas,
2347 3039 2526 3087 cer-tior
2558 3055 2590 3089 a
2625 3045 2674 3090 ee

1593 3111 1713 3175 fieri
1732 3112 1893 3160 celim.
1962 3112 2092 3161 Nam
2112 3113 2157 3160 si
2177 3114 2398 3175 laqueata
2415 3114 2535 3178 fiet,
2556 3130 2671 3164 auro

1606 3200 1784 3249 quoque
1802 3187 1979 3249 poterit
2002 3188 2242 3236 exornari.

1671 3268 1707 3294 ¹⁰
1735 3262 2053 3328 Hemeresios]
2075 3261 2368 3323 Ἦμερήσως,
2391 3263 2494 3314 diei
2519 3264 2667 3315 unius

1607 3335 1829 3399 pictura.

1668 3417 1692 3442 ¹·
1716 3411 1969 3476 Glyceram
1990 3412 2273 3477 municipem
2292 3415 2453 3481 suam]
2483 3414 2667 3479 Sicyo-

1604 3487 1740 3534 niam
1773 3487 1948 3548 igitur.
2013 3482 2088 3537 Αἰ
2125 3489 2359 3552 Glycera
2391 3492 2665 3553 meretrix,

1603 3576 1718 3624 quae
1749 3562 2034 3611 Praxitelis
2056 3563 2223 3612 amica
2245 3579 2275 3612 a
2296 3565 2561 3616 Strabone
2585 3566 2668 3615 di-

1601 3635 1756 3697 citur,
1775 3635 1865 3685 lib.
1887 3649 1971 3686 ιιι.
2006 3641 2260 3701 pagano.
2328 3638 2665 3704 Thespiensis

1600 3724 1631 3760 e
1655 3708 1863 3760 Boeotia
1893 3711 2012 3763 fuit.

1665 3795 1689 3818 ⁰
1722 3787 2039 3837 Inventi-icem
2079 3789 2379 3854 coronarum]
2422 3789 2508 3841 Sic
2544 3791 2672 3842 libri*

1600 3875 1795 3924 omnes,
1831 3864 1986 3913 etiam
2027 3865 2157 3916 Μαι.
2192 3880 2298 3915 ιιοιι
2334 3868 2570 3923 nitricem,
2605 3874 2664 3917 nt

1598 3935 1745 3998 fingit
1787 3938 2066 3988 Salmasius
2109 3939 2162 3988 in
2198 3939 2362 3990 Solin.
2404 3955 2525 4005 pag.
2547 3944 2660 3991 246.

1599 4014 1836 4064 inaudita
1859 4030 2070 4079 prorsus
2104 4018 2155 4066 in
2186 4018 2339 4068 Latio
2372 4033 2524 4080 voce,
2546 4034 2661 4069 cum

1598 4089 1838 4138 victricem
1882 4090 1987 4139 dici
2031 4092 2205 4153 potius
2250 4107 2334 4142 ars
2375 4102 2659 4157 pateretur,

1596 4178 1891 4232 quanquam
1917 4179 2073 4237 aegre.
2654 4172 2662 4178 '
