3000 4917
513 337 688 403 4600

511 504 584 563 ct
613 495 1129 572 Hammoniada,
1158 516 1356 580 quam
1397 497 1669 580 quidam
1701 496 2114 563 Nausicaam
2146 504 2409 571 vocant,
2438 497 2703 582 adjece-

513 600 601 664 rit
631 600 947 680 parvulas
974 618 1186 663 naves
1216 599 1452 680 longas
1481 600 1552 663 in
1583 600 1688 675 iis,
1718 617 1880 681 quae·
1906 599 2193 683 pictores
2222 610 2498 682 parerga
2516 607 2543 646 ‘¹
2586 622 2706 683 ap-

514 701 807 786 pellant:
853 707 927 765 ut
953 708 1315 784 appareret
1336 721 1378 764 a
1400 702 1642 783 quibus
1666 702 1871 766 initiis
1893 700 1978 765 ad
2005 721 2221 765 arcem
2246 702 2705 766 ostentationis

513 820 723 886 opera
774 823 901 867 sua
947 803 1434 884 pervenissent.
1525 801 1833 866 Palmam
1875 802 2078 867 habet
2131 802 2504 866 tabularum
2560 805 2710 886 ejus

513 903 839 988 Ialysus:
879 905 996 988 qui
1035 911 1138 969 est
1178 903 1458 981 Romae,
1479 903 1746 969 dicatus
1789 906 1860 968 in
1900 905 2146 987 templo
2178 902 2461 968 Pacis:⁸
2504 924 2707 986 quem

510 1025 660 1070 cum
712 1007 1029 1089 pingeret,
1074 996 1352 1070 traditur
1410 1005 1696 1070 madidis
1745 1006 1998 1089 lupinis
2051 1005 2329 1082 vixisse,
2383 1007 2706 1088 quoniam

509 1108 705 1171 simul
755 1107 1002 1171 famem
1051 1107 1440 1172 sustinerent
1482 1119 1552 1171 et
1593 1107 1801 1184 sitim,
1829 1127 1911 1171 ne
1954 1125 2190 1171 sensus
2229 1107 2434 1176 nimia
2476 1105 2704 1170 dulce-⁴

512 1209 666 1272 dine
681 1206 740 1259 9⁶
770 1210 1167 1273 obstrueret.
1257 1209 1445 1273 Huic
1476 1211 1756 1293 picturae
1787 1208 2058 1293 quatert
2092 1208 2377 1272 colorem
2409 1206 2701 1285 induxit,

507 1309 812 1374 subsidia
829 1318 885 1360 ⁹⁷
931 1310 1190 1394 injuriae
1243 1319 1312 1375 et
1364 1309 1784 1386 vetustatis,f
1825 1317 1902 1375 ut
1952 1310 2313 1374 decedente
2361 1313 2704 1393 superiore

503 1411 775 1477 inferior
812 1411 1222 1476 succederet.
1308 1412 1437 1477 Est
1474 1413 1544 1477 in
1588 1431 1669 1474 ea
1707 1412 1895 1477 canis
1925 1413 2087 1475 mire
2124 1411 2366 1485 factuS,
2395 1416 2469 1477 ut
2499 1431 2700 1495 quem

500 1515 750 1597 pariter
778 1521 1027 1579 casus¹¹
1068 1513 1441 1596 pinxerit.⁹⁸
1534 1513 1604 1577 N
1608 1533 1693 1576 ou
1714 1513 2067 1596 judicabat
2096 1531 2171 1576 se
2211 1512 2592 1593 exprimere
2636 1514 2703 1577 in

507 1633 591 1677 eo
637 1633 945 1697 spumam
992 1614 1436 1693 anhelantiS,⁹⁹
1479 1635 1636 1679 cum
1677 1616 1748 1678 in
1778 1614 2035 1696 reliqua
2063 1613 2244 1678 omni
2275 1619 2466 1696 parte
2486 1615 2704 1698 (quod

1243 354 1306 403 Ο.
1354 353 1473 401 PM
1486 353 1594 401 NJ!
1641 352 1982 433 saeuum

556 1766 589 1811 s
616 1769 844 1821 Subsidio
865 1777 1031 1820 contra
1047 1769 1279 1832 ¹injurium
1298 1771 1569 1822 vetustatis.

1417 1898 1601 1918 000000
1608 1898 1657 1916 00
1663 1898 1781 1917 0000

499 1981 606 2028 dem
627 1979 758 2027 alter
780 1979 1010 2042 ejusdem
1035 1978 1235 2039 codex;
1270 1978 1562 2028 Hemionidu
1595 1977 1716 2028 edd.
1758 1984 1888 2027 vett.
1915 1985 1970 2026 et
1993 1978 2227 2028 Gronov.
2293 1979 2508 2028 Naxium
2530 1982 2699 2027 vocnt

495 2043 619 2093 Vet.
641 2044 828 2093 Dalec.
897 2044 1140 2093 Numicum
1161 2050 1324 2093 meant
1349 2045 1437 2093 alii
1463 2048 1729 2093 vett.-96
1761 2043 1885 2091 Vct.
1921 2043 2105 2093 Dalec.
2142 2043 2292 2093 nimia
2314 2044 2408 2092 cibi
2438 2043 2700 2095 dulcedine.

493 2111 624 2156 ——91
657 2109 835 2157 ‘Male
871 2109 1022 2157 codd.
1055 2110 1218 2171 Regg.
1256 2108 1409 2156 Voss.
1449 2107 1589 2157 Gud.
1635 2114 1690 2155 et
1731 2107 1911 2156 Editio
1956 2109 2224 2171 princeps,
2259 2113 2426 2156 contra
2461 2106 2702 2161 subsidia..

494 2172 810 2221 Hermolaus
834 2174 1095 2222 Barbarus
1117 2173 1432 2233 emendavit,
1448 2171 1673 2220 subsidio.
1742 2172 1954 2227 Melius.
1988 2172 2236 2222 subsidio?
2268 2174 2495 2221 Brotier.
2549 2171 2699 2223 subsi-

492 2236 572 2284 dio
610 2236 837 2286 Gronov.
861 2238 928 2286 al.
953 2245 1082 2286 vett.
1107 2237 1358 2286 Harduin.
1385 2242 1432 2286 1.
1456 2241 1507 2285 2.
1527 2240 1576 2285 3.
1600 2244 1654 2285 et
1679 2240 2035 2286 meeum—98
2068 2238 2151 2285 Ita
2191 2237 2448 2285 Harduin.
2483 2240 2533 2284 1.
2571 2241 2620 2285 2.
2651 2239 2697 2283 3.

493 2308 550 2349 et
574 2310 794 2350 recenti.
841 2317 977 2351 casus
996 2307 1043 2351 et
1063 2317 1145 2350 ars
1161 2302 1376 2365 pinxerit
1399 2303 1633 2351 Gronov.
1658 2309 1712 2348 et
1736 2303 1913 2363 vnlgg.
1968 2315 2106 2356 casus
2127 2306 2176 2350 et
2195 2315 2276 2355 ars
2305 2300 2555 2364 pinxerint
2578 2300 2697 2355 cod.

493 2365 807 2416 Belem-99
830 2367 845 2392 ‘
868 2367 953 2415 Ita
980 2368 1110 2415 bene
1133 2366 1285 2415 codd.
1313 2366 1477 2428 Regg.
1517 2363 1692 2414 Editio
1717 2366 1982 2428 princeps,
2005 2373 2061 2414 et
2085 2367 2162 2415 Cl.
2188 2366 2423 2414 Durand.
2477 2366 2695 2413 Frustra

497 2428 727 2478 additum
767 2430 819 2478 in
857 2431 1230 2479 recentioribus
1267 2428 1601 2491 editionibus,
1636 2429 1807 2490 posse.’
1845 2430 2067 2479 Broiier.
2118 2444 2256 2492 posse
2293 2430 2542 2478 exhibent
2575 2428 2696 2477 edd.

495 2501 626 2543 vett.
651 2495 882 2544 Gronov.
908 2495 1166 2544 Harduin.
1197 2500 1241 2543 1.
1260 2499 1311 2544 2.
1336 2498 1383 2542 3.
1417 2503 1473 2543 et
1494 2501 1716 2542 recentt.
1785 2494 1931 2549 Mox,
1953 2509 2058 2543 cum
2080 2495 2260 2557 reliqua
2283 2493 2546 2543 Harduin.
2577 2497 2627 2542 2.
2645 2496 2695 2542 3.

491 2558 683 2608 Miller.
736 2560 948 2619 Bipont.
987 2568 1042 2608 et
1086 2561 1271 2608 Franz.
1359 2573 1467 2607 cum
1507 2558 1561 2606 in
1600 2557 1782 2620 reliqua
1822 2557 1942 2606 edd.
1988 2566 2115 2607 vett.
2159 2559 2392 2607 GronoV.
2437 2557 2697 2607 Harduin.

493 2626 541 2671 1.
584 2632 635 2672 et
676 2623 890 2685 Bipout.
976 2625 1139 2672 Paulo
1182 2630 1318 2686 post,
1362 2625 1483 2671 Vet.
1533 2623 1715 2670 Dalec.
1769 2636 1850 2670 ars
1892 2623 1996 2685 ipsa
2037 2637 2122 2671 nec
2163 2623 2262 2671 alia
2324 2621 2533 2671 inveniri
2566 2627 2698 2684 pete·

490 2691 590 2748 ret,
626 2692 674 2735 et
695 2688 944 2737 videbatur
983 2689 1173 2749 longius
1207 2703 1237 2737 u
1272 2687 1477 2736 veritate
1516 2687 1754 2737 discedere
1784 2702 1951 2750 spuma
1982 2688 2067 2736 illa
2096 2686 2348 2750 fingique,
2383 2701 2479 2736 aon
2515 2701 2580 2735 ex
2616 2696 2704 2734 ore-

1473 2799 1694 2850 NOTAE

490 2892 659 2945 altera
690 2895 756 2945 ab
788 2897 1079 2946 Hammone
1116 2897 1271 2960 Jove,
1304 2897 1389 2947 cni
1412 2897 1547 2946 dona

489 2986 624 3021 nave
648 2987 713 3021 ea
742 2972 1169 3023 devehebantur=
1202 2973 1382 3022 eadem
1421 2979 1547 3022 Nav-

486 3046 645 3106 σικάη,
671 3047 853 3097 eodem
889 3062 990 3112 quo
1021 3047 1227 3098 Alcinoi
1256 3047 1361 3097 filia
1384 3049 1550 3098 nomi-

490 3139 577 3188 ne,
602 3132 913 3187 nuncupata.

552 3208 576 3243 (Ι
614 3200 853 3263 Par-erga]
919 3197 1181 3262 Πάρεργον,
1239 3198 1414 3261 operis
1456 3211 1546 3260 ap·

485 3275 699 3339 pendis,
754 3277 1087 3339 accessioque
1128 3276 1350 3324 dicitur:
1407 3273 1545 3338 quod

484 3352 639 3419 alicui
662 3351 733 3399 rei
752 3357 946 3414 praeter
964 3352 1282 3414 propositum
1301 3350 1540 3399 additur:

485 3437 543 3478 nt
564 3428 607 3476 si
633 3427 803 3490 pictor
819 3426 1075 3479 Jnnonem
1101 3428 1339 3490 pingens,
1360 3439 1549 3477 ornan-2

483 3503 566 3552 de
601 3501 808 3551 tabellas
850 3504 1036 3566 gratia,
1075 3503 1396 3560 arbusculas,
1440 3501 1546 3550 avi·

480 3581 744 3643 curiasque,
769 3587 861 3628 aut
888 3579 1085 3643 aliquid
1123 3578 1437 3641 hujusmodi,
1457 3592 1542 3628 co·

480 3655 673 3706 rollarii
713 3655 841 3710 vice,
877 3654 1154 3704 addiderit.
1223 3654 1334 3703 Has
1368 3661 1542 3704 autern

479 3733 676 3797 adjecit
713 3731 994 3790 naviculas,
1017 3736 1071 3779 ut
1100 3745 1129 3780 a
1151 3730 1338 3795 quibus
1382 3730 1542 3779 initiis

481 3809 546 3859 ad
596 3809 842 3872 majorum
904 3807 1109 3856 navium
1166 3807 1542 3856 absolutionem

479 3885 810 3949 pervenisset
833 3884 1152 3932 ostenderet.

541 3966 561 3992 ¹
594 3957 805 4023 Ialysus]
855 3959 1042 4008 Strabo
1064 3958 1154 4009 lib.
1189 3971 1308 4008 xiv.
1344 3972 1397 4021 p.
1418 3962 1536 4009 652.

478 4033 572 4084 Kal
591 4033 641 4083 αἱ
660 4035 746 4083 τοῦ
759 4033 1093 4097 Πρωτογένους
1112 4031 1312 4099 γραφαὶ,
1329 4033 1425 4083 ὅτε
1444 4032 1537 4083 Ἰά-

483 4120 651 4166 λυσος.
687 4108 764 4160 καὶ
789 4111 816 4158 ὁ
836 4109 1042 4175 Σάτυρος
1076 4109 1318 4175 παρεστὸς
1352 4107 1535 4171 στόλῳ.

478 4186 757 4240 Ciceroad
783 4186 946 4241 Attic.
970 4202 1033 4241 ιι.
1055 4192 1138 4239 21.
1170 4189 1185 4214 ⁶
1204 4188 1274 4239 Et
1292 4192 1354 4239 ut
1373 4184 1535 4255 Apel-

1629 2897 1720 2953 les,
1763 2896 1806 2945 si
1837 2898 2118 2961 Venerem,
2160 2904 2251 2948 aut
2282 2897 2326 2946 si
2365 2897 2702 2959 Protogenes.

1629 2971 1856 3036 Ialysum
1898 2973 2039 3022 illum
2082 2988 2230 3025 suum
2280 2987 2428 3025 coeuo
2467 2972 2689 3020 oblitum

1629 3048 1865 3105 videret?
1900 3050 1996 3099 διο.
2065 3049 2327 3098 Venerem
2362 3062 2478 3096 cum
2518 3047 2694 3109 Ialyso

1627 3126 1714 3189 qni
1736 3127 2019 3188 componit,
2046 3140 2145 3174 nou
2185 3126 2323 3174 urbis
2345 3138 2534 3175 nomen
2558 3139 2689 3180 esse,

1628 3207 1686 3250 nt
1707 3201 1913 3264 quidam
1939 3199 2304 3265 putarunt,sed
2326 3200 2442 3260 viri,
2458 3199 2691 3263 Ialysum

1628 3277 1825 3326 indicat
1865 3277 2001 3326 haud
2039 3277 2262 3325 obscure
2284 3292 2298 3324 z
2358 3290 2513 3339 quern
2558 3275 2689 3324 Solis

1626 3359 1868 3415 nepotem
1893 3353 2076 3402 Cicero
2101 3361 2269 3409 vocat,
2289 3354 2353 3401 de
2377 3351 2508 3401 Nat.
2526 3353 2688 3401 Deor.

1627 3440 1717 3476 ιιι.
1756 3429 1837 3476 54.
1863 3442 2016 3492 aquo
2052 3442 2237 3476 nomen
2274 3427 2387 3477 urbi
2422 3428 2475 3476 in
2518 3427 2689 3477 insula

1627 3505 1807 3554 Rhodo
1829 3504 2025 3554 datum.
2079 3506 2142 3553 In
2167 3519 2229 3554 ea
2253 3506 2454 3568 pictura
2477 3503 2686 3553 confici·

1626 3583 1762 3632 enda
1783 3597 1944 3632 annos
1965 3591 2163 3647 septem
2184 3582 2476 3631 insumsisse
2501 3582 2690 3631 Proto-

1626 3673 1827 3722 genem,
1849 3664 2032 3707 auctor
2053 3667 2132 3706 est
2153 3657 2383 3706 AElianus
2409 3655 2690 3704 {dist-Var-

1626 3747 1728 3782 xn.
1750 3737 1833 3783 41.
1858 3741 1909 3781 et
1935 3733 2197 3782 Plutarch.
2221 3732 2274 3781 in
2300 3731 2587 3781 Demetrio.
2685 3776 2692 3783 .

1687 3817 1706 3843 ⁸
1738 3809 1799 3858 In
1821 3808 1993 3870 templo
2017 3807 2186 3870 Pacis]
2224 3805 2477 3859 lucendio
2500 3806 2683 3855 Rornae

1618 3883 1906 3933 absumtam
1947 3883 2130 3932 scribit
2157 3881 2469 3932 Plutarchus
2503 3882 2555 3930 in
2580 3882 2689 3931 De·

1617 3954 1825 4018 mettio,
1850 3974 1902 4023 p.
1927 3962 2042 4009 898.

1685 4036 1702 4068 ²
1730 4034 1867 4084 Huic
1897 4035 2101 4098 pictum
2118 4033 2311 4097 quater]
2362 4032 2689 4094 Hodiernus,-

1616 4109 1795 4174 credo,
1820 4113 2046 4174 pictores
2071 4110 2200 4159 latet
2221 4110 2318 4156 hoc
2338 4105 2634 4156 artificium.
2678 4144 2688 4161 ,

1682 4194 1705 4224 ὓ
1744 4187 1811 4236 Ut
1832 4201 1968 4255 quem
1986 4186 2170 4250 pariter
2190 4182 2351 4251 casus]
2394 4183 2526 4237 Cum
2550 4190 2693 4247 arte,
