3000 4917
525 343 702 417 ⁴328

528 525 616 560 ne·
677 507 969 560 Retinenda
989 508 1098 572 ills,
1117 508 1306 571 waste
1324 510 1440 572 diei,
1457 512 1591 560 Tur·

528 585 695 636 nebus
749 586 1020 647 censebat,
1064 583 1289 636 Advers.
1335 599 1452 644 xvi.
1504 591 1583 635 12.

525 661 831 724 leopardus
872 661 994 711 item
1029 663 1084 712 in
1126 661 1344 713 Emeud.
1380 661 1583 711 Grono-

527 737 640 785 vius
671 737 727 786 in
750 738 926 800 Notis,
964 740 1171 803 aliique,
1209 753 1273 790 co
1307 737 1580 788 Plutarchi

527 814 646 863 loco
690 817 933 878 permoti,
972 815 1026 864 in
1071 816 1258 877 Mario,
1304 828 1423 877 pag.
1466 817 1580 862 420.

526 906 630 954 quo
664 893 881 943 Catulus
927 895 1088 945 aedem
1127 896 1322 947 vovisse
1363 894 1413 941 in
1444 892 1581 941 bello

525 966 787 1019 Cimbrico
808 969 998 1020 dicitur
1030 972 1274 1021 Fortunae
1296 970 1432 1016 illius
1457 967 1581 1031 diei,

524 1041 804 1108 καθιέρωσεν
817 1046 907 1105 τὴν
921 1045 1077 1108 τύχην
1091 1048 1180 1105 τῆς
1196 1044 1367 1108 ἡμέρας
1383 1043 1580 1101 ἐκείνης.

523 1117 600 1167 At
634 1134 756 1169 vera
790 1123 1045 1184 scriptura
1069 1128 1164 1183 est,
1193 1121 1419 1184 huiusque
1450 1120 1581 1177 diei,-

524 1195 601 1243 sic
636 1196 770 1244 enim
809 1197 1028 1246 Romani
1060 1196 1326 1259 dixerunt,
1365 1204 1379 1224 ‘
1400 1198 1579 1246 Fortu·

523 1285 641 1319 nam
689 1271 943 1337 hujusque
982 1271 1124 1330 diei,’
1176 1287 1269 1335 pro
1306 1272 1578 1320 ‘uniuscu-

508 1347 736 1412 jusque.’
790 1348 849 1396 In
874 1347 1193 1397 Kalendario
1217 1356 1415 1409 vetere,
1437 1347 1574 1410 apud

521 1421 735 1471 Gruter.
778 1438 900 1486 pag.
940 1427 1051 1471 135.
1095 1430 1577 1475 ronnnvrvsovss

520 1506 658 1554 nias.
727 1496 913 1561 Neque
939 1500 1025 1547 hic
1047 1501 1216 1554 modo,
1242 1498 1332 1547 sed
1355 1506 1409 1546 et
1433 1499 1574 1562 apud

461 1634 464 1639 μ
517 1574 741 1623 'l'uilium
784 1573 1103 1623 restituenda
1138 1586 1235 1622 vox
1278 1586 1338 1622 ea
1371 1581 1474 1637 est,
1508 1574 1575 1623 de

522 1650 705 1713 Legib.
744 1651 833 1700 lib.
854 1664 919 1700 u.
945 1665 1066 1714 pag.
1101 1654 1215 1701 8⁸3.
1245 1658 1302 1699 ut
1326 1652 1433 1714 qius
1461 1665 1576 1699 ver·

517 1726 585 1775 ba
609 1734 792 1789 aperte
814 1726 1099 1790 declarant,
1116 1741 1232 1776 cium
1258 1727 1363 1775 ait:
1402 1726 1420 1754 ‘
1439 1727 1575 1776 Rec-

519 1811 575 1851 te
595 1803 751 1852 etiam
774 1803 906 1866 Spes
939 1818 970 1853 a
1006 1803 1241 1853 Calatino
1271 1810 1576 1853 consecrata

511 1883 620 1938 est,
658 1878 1006 1942 Fortunaque,
1044 1878 1128 1927 vel
1167 1877 1420 1942 hujusque
1450 1878 1574 1934 diei,

513 1952 696 2016 (vulgo
734 1955 749 1980 ‘
767 1952 1012 2016 hujusce’
1042 1952 1266 2016 legitur),
1295 1968 1410 2002 nam
1435 1954 1576 2003 valet

516 2025 585 2075 ad
620 2041 797 2079 omnes
832 2026 965 2088 dies,
1010 2029 1094 2077 vel
1135 2027 1464 2089 Respiciens,
1506 2028 1572 2076 ad

513 2115 668 2166 opem
691 2100 983 2164 ferendam,
1016 2102 1102 2152 vel
1123 2101 1285 2165 Fors,'
1309 2105 1406 2152 διο.
1445 2103 1568 2153 Om-

513 2177 656 2227 nium
678 2177 815 2227 enim
839 2177 1058 2240 dierum,
1082 2177 1268 2229 nedum
1289 2179 1458 2245 unius,
1480 2194 1573 2228 seu

512 2261 674 2303 certas
710 2252 948 2314 alicujus,
986 2254 1096 2301 sive
1131 2252 1278 2316 hujus
1310 2260 1403 2301 aut
1436 2254 1572 2302 illius

514 2327 620 2377 diei
658 2328 940 2378 Fortunam
974 2326 1261 2391 hujusmodi
1297 2329 1572 2391 appellati-

513 2417 612 2453 one
656 2405 847 2468 signari
890 2405 1074 2453 Cicero
1120 2403 1314 2468 liquido
1361 2403 1572 2454 demon·

513 2486 666 2542 strat,
717 2488 937 2542 propter
976 2494 1092 2528 eam
1134 2494 1287 2542 quam
1335 2478 1572 2543 adjungit

512 2556 783 2618 rationem,
818 2558 833 2583 ‘
854 2555 988 2605 Nam
1013 2555 1216 2603 valetin
1231 2553 1575 2603 omnesdies.'

512 2630 644 2682 Quae
670 2630 805 2678 ratio
828 2644 930 2679 non
950 2638 1238 2692 constaret,
1261 2630 1303 2678 si
1323 2630 1387 2679 ad
1413 2645 1570 2679 unum

510 2706 738 2769 aliquem
772 2705 912 2755 diem
952 2705 1067 2769 ejus
1097 2706 1318 2755 numinis
1342 2713 1573 2769 potestas

512 2788 823 2838 arctaretur,
866 2789 922 2831 et
960 2788 1066 2831 tam
1108 2781 1339 2844 angustis
1380 2780 1571 2830 finibus

511 2858 1040 2907 circumscriberetur.
1105 2858 1243 2907 Sane
1292 2859 1424 2906 banc
1467 2858 1570 2908 vim

510 2934 654 2984 vocis
678 2934 790 2998 ejus
825 2947 939 2983 esse
974 2934 1220 2997 huiusque,
1267 2940 1329 2983 ut
1365 2935 1571 2983 ‘unius-

509 3008 792 3074 cujusque'
830 3008 1104 3073 significet,
1149 3008 1332 3058 docuit
1374 3009 1569 3058 dudum

508 3084 708 3136 Marius
729 3086 1029 3135 Victorinus
1052 3083 1203 3147 Afer,
1226 3084 1360 3132 libro
1383 3084 1448 3134 de
1467 3085 1568 3134 Or-

505 3162 836 3228 tliograpbia,
860 3163 1003 3226 cujus
1024 3162 1184 3212 verba
1202 3162 1425 3212 recitare
1445 3178 1569 3226 ope-

510 3252 583 3289 rae
626 3240 845 3303 pretium
880 3238 1072 3289 fuerit:
1106 3240 1121 3267 ⁸
1142 3239 1211 3287 Et
1243 3238 1477 3303 hujusce,
1513 3246 1570 3287 et

508 3313 782 3378 hujusque,
818 3322 959 3364 recte
994 3313 1307 3370 scribuntur,
1342 3314 1432 3363 sed
1474 3329 1568 3362 suo

506 3388 624 3436 loeo
641 3397 879 3453 utraque.
949 3390 1085 3438 Nam
1105 3388 1171 3437 ab
1190 3389 1370 3444 hocce,
1392 3389 1453 3440 fit
1475 3391 1567 3439 bn·

499 3465 667 3528 jusce.
736 3465 1009 3529 Hujusque
1033 3470 1204 3513 antem
1240 3465 1382 3515 aliud
1411 3467 1569 3529 signi-

505 3539 649 3601 ficat,
684 3541 735 3589 id
770 3547 871 3603 est,
901 3538 1340 3603 uniuscnjusque?
1408 3541 1566 3603 Apud

509 3617 574 3665 P.
596 3617 882 3677 Victorem,
917 3616 968 3664 in
1004 3615 1360 3679 descriptione
1390 3618 1569 3682 Urbis,

508 3693 720 3756 regione
752 3691 975 3753 decima,
1005 3691 1241 3755 legimus,
1267 3706 1422 3743 vncvs
1459 3706 1568 3742 cu·

468 3764 470 3767 ’
505 3779 721 3821 ννεανιῑ
763 3781 901 3825 mm,
923 3759 1058 3817 baud
1087 3766 1243 3817 dubie
1279 3781 1374 3831 pro
1408 3781 1568 3818 vrcvs

508 3847 793 3896 ‘nvrvsnvu
814 3856 953 3893 mm.
1005 3844 1141 3893 Nam
1165 3845 1457 3906 complures
1479 3858 1566 3892 nr·

509 3918 587 3967 bis
611 3918 793 3968 Romae
829 3920 966 3968 vicos
996 3934 1028 3968 a
1047 3918 1280 3968 finitimis
1320 3921 1565 3970 Fortunas

508 3995 716 4057 templis
748 4009 936 4044 nomen
971 3994 1213 4057 traxisse,
1248 4010 1314 4045 ex
1349 3995 1413 4046 P.
1441 3996 1566 4046 Vic-

509 4077 625 4118 tore
647 4070 830 4133 liquet.
879 4071 967 4120 Sic
988 4073 1234 4121 Fortunae
1259 4072 1565 4137 Obsequen-

505 4146 576 4195 tis
621 4145 793 4195 vicum
829 4146 883 4195 in
918 4145 1084 4209 prima
1115 4148 1328 4209 regione
1362 4151 1566 4212 statuit,

507 4221 861 4283 Respicientis
884 4221 938 4271 in
961 4221 1181 4279 decima,
1208 4224 1438 4288 aliosque
1473 4225 1566 4274 ali·

503 4298 594 4348 bi:
617 4298 855 4363 huncque
876 4299 1048 4363 ipsum
1068 4300 1238 4350 locum
1262 4297 1564 4363 onuphrius

1106 363 1325 421 NDJPAE
1375 367 1467 417 ET
1517 362 2116 419 EMENDATIONES

1657 508 1735 559 sie
1772 508 1938 558 edidit
1975 523 2043 559 ex
2075 510 2208 560 Mss.
2239 518 2401 560 ποτε
2434 518 2711 567 uvrvsevs:

1659 597 1796 634 ntur.
1832 594 1993 635 tour.
2022 596 2151 635 sm).
2180 601 2295 650 quae
2316 595 2584 651 postrema
2606 605 2712 639 ver-

1658 659 1726 709 ba
1749 661 1910 709 aedem
1935 662 2174 710 Fortunae
2201 662 2510 726 significant.
2544 666 2712 715 Multa

1658 750 1724 786 cx
1762 738 1841 787 his
1877 738 2126 787 delibavit
2157 746 2280 788 ante
2306 754 2396 788 nos
2419 740 2710 790 Brissonius

1656 810 1725 859 de
1771 812 1994 860 Formul.
2029 813 2115 861 lib.
2152 826 2191 861 ι.
2233 829 2349 877 pag.
2386 819 2469 864 52.
2536 815 2601 865 In
2639 817 2709 865 in-

1658 886 2025 950 scriptionibus
2082 896 2255 937 tamen
2320 891 2600 953 interdum,
2654 899 2711 942 ut

1656 962 1794 1025 apud
1835 964 2151 1026 Reinesium,
2180 980 2297 1029 pag.
2331 970 2441 1015 198.
2473 980 2709 1017 Aurusu-

1656 1049 1768 1087 τις.
1804 1051 2107 1092 nvrvsevss.
2141 1053 2281 1090 Locr-
2315 1054 2410 1104 pro
2445 1044 2461 1070 ‘
2494 1041 2709 1106 hujusce

1656 1112 1791 1169 loci,’
1814 1115 2050 1178 legimus.

1719 1192 1770 1237 9.
1801 1188 1940 1237 Ibid.
2005 1191 2129 1238 Ite-s
2152 1191 2467 1255 Mercurium,
2498 1194 2710 1256 quisuit

1652 1262 2004 1328 Lysimachia:
2048 1265 2324 1328 Herculem,
2377 1268 2460 1330 qui
2512 1268 2709 1318 Rom.-

1649 1340 1906 1401 olexetem,
1937 1355 2076 1390 orme
2109 1348 2391 1391 sumentem:
2425 1345 2707 1411 Artes-ona,

1651 1416 1735 1479 «μεθ’
1775 1416 2109 1479 Peripa-retes
2143 1419 2407 1480 appellatus
2434 1418 2530 1482 est]
2563 1420 2629 1469 In
2649 1422 2709 1470 li·

1655 1490 1758 1539 bris
1782 1491 2016 1540 omnibns
2048 1492 2112 1540 ad
2150 1493 2284 1541 bunc
2314 1493 2449 1542 diem
2489 1495 2707 1559 vulgatis

1652 1566 1861 1629 legitur,
1900 1567 2159 1616 Herculem
2186 1569 2269 1631 qni
2301 1569 2472 1619 Rome
2491 1571 2708 1621 Δίκαια

1651 1657 1681 1691 α
1698 1646 1828 1691 terra
1844 1643 2168 1704 sustinentem,
2181 1645 2582 1709 interpolatione
2596 1648 2707 1712 dig·

1653 1732 1721 1766 na
1744 1719 1926 1782 plagis.
1977 1717 2210 1770 In.Mss.
2245 1722 2376 1785 Reg.
2410 1726 2458 1772 2.
2491 1725 2705 1772 ceteris-

1653 1807 1752 1858 que
1777 1792 1930 1842 codd.
1963 1793 2218 1844 Herculem
2237 1797 2322 1860 qui
2345 1798 2514 1846 Romoe
2545 1797 2608 1846 Ιια
2634 1812 2703 1847 re-

1650 1873 1757 1917 tem
1790 1883 1925 1918 arnse
1958 1876 2235 1920 eumenum.
2300 1873 2498 1924 Quibus
2531 1888 2561 1922 e
2592 1887 2705 1923 ver·

1654 1944 1730 1994 bis
1753 1947 2027 1996 Pintianus
2050 1949 2311 2006 eliciebat,
2337 1951 2435 2007 Qui
2456 1950 2707 2014 Romam·

1649 2027 1889 2071 excetram
1903 2038 2039 2072 amo
2054 2031 2312 2074 umentem
2326 2042 2344 2074 .·
2376 2034 2596 2079 excetra
2614 2026 2705 2089 by·

1648 2095 1793 2145 drani
1817 2097 2094 2161 significari
2117 2108 2293 2148 notum
2315 2114 2429 2149 esse
2447 2101 2598 2150 simul
2617 2102 2705 2151 ad·

1649 2171 1908 2221 monebat.
1975 2173 2287 2236 Gronovius,
2319 2175 2378 2223 ab
2416 2177 2595 2226 Otr-era
2629 2190 2705 2224 or·

1645 2261 1724 2296 ma
1745 2254 2017 2298 umentem.
2082 2251 2273 2299 Parum
2290 2252 2441 2300 ambo
2463 2250 2703 2301 feliciter.

1646 2323 1813 2372 Plane
1851 2326 1989 2373 enim
2028 2327 2239 2381 tertium
2273 2326 2530 2392 quoddam
2569 2342 2705 2377 nunc

1647 2399 1973 2450 simulacrum
1998 2402 2327 2465 intelligitur,
2358 2403 2423 2452 ab
2451 2404 2514 2452 iis
2539 2403 2706 2453 diver·

1645 2491 1775 2538 sum,
1796 2492 2011 2540 qnorum
2037 2480 2179 2541 prius
2196 2480 2557 2544 Lysimachiae,
2576 2482 2704 2530 alte-

1646 2565 1757 2600 rum
1782 2552 1959 2601 Romae
1983 2552 2115 2602 fuit:
2151 2570 2303 2618 quam
2335 2557 2469 2606 belle
2491 2558 2629 2608 enim
2653 2558 2705 2607 in

1645 2640 1708 2676 eo
1746 2628 1921 2689 verbo,
1958 2630 2040 2692 qui
2074 2631 2260 2691 Rom,
2290 2633 2478 2682 desinit
2514 2633 2703 2697 oratio,

1645 2718 1747 2766 quo
1771 2704 2000 2753 membro
2036 2706 2192 2768 priori
2232 2710 2484 2769 posterius
2517 2716 2703 2759 exacte

1645 2779 1925 2840 opponitur
1947 2780 1959 2825 l
2029 2780 2237 2831 Deinde
2259 2781 2324 2831 ad
2351 2784 2451 2833 alia
2474 2783 2581 2833 dno
2600 2785 2700 2848 sig-

1643 2867 1713 2904 na
1752 2855 1994 2917 transilit,
2030 2871 2148 2920 qum
2190 2858 2415 2916 Grecis,
2456 2868 2514 2908 ut
2553 2861 2702 2915 solet,

1645 2932 1815 2980 verbis
1847 2929 2035 2983 efferes
2068 2934 2144 2981 sic
2176 2936 2315 2982 enim
2349 2937 2493 2998 prius
2529 2936 2704 2998 διατρα-

1643 3005 1948 3069 γαλίζοπος,
1981 3014 2037 3057 et
2070 3008 2383 3072 διαδοῦμσος,
2421 3018 2476 3060 et
2504 3010 2702 3075 δορυφό·

1642 3102 1741 3149 ρος,
1781 3092 1835 3134 et
1884 3100 2004 3135 mox
2046 3086 2354 3150 περιφόρητος
2393 3090 2704 3152 appellatur.

1641 3159 1901 3223 Ἀλεεητὴρ
1918 3168 2092 3211 autem
2116 3164 2241 3226 quid
2264 3164 2353 3226 sit,
2373 3165 2460 3229 qui
2485 3164 2700 3215 Groecos

1641 3235 1812 3285 fontes
1858 3236 1941 3284 vel
1978 3236 2166 3285 leviter
2198 3236 2564 3300 degustarunt,
2605 3238 2703 3288 sci·

1642 3318 1735 3362 nut
1756 3329 1768 3359 =
1792 3318 1848 3361 et
1869 3326 1961 3361 nos
1986 3313 2039 3361 in
2061 3313 2317 3376 prioribus
2331 3316 2471 3365 notis
2483 3314 2551 3365 ad
2569 3314 2703 3364 bunc

1642 3389 1811 3438 locum
1834 3388 2074 3437 diximus.

1710 3468 1789 3514 10.
1813 3464 1953 3513 Ibid.
1994 3464 2125 3513 Vicit
2146 3480 2225 3514 eos
2249 3465 2555 3530 Pythagoras
2574 3466 2704 3516 Rhe·

1636 3542 1785 3603 ginnas
1800 3572 1814 3588 .
1831 3576 1845 3591 .
1871 3573 1884 3588 .
1904 3576 1919 3591 .
1946 3541 2076 3591 Vicit
2091 3556 2197 3592 eum
2216 3547 2266 3592 et
2282 3542 2562 3605 Leontinus]
2585 3542 2702 3590 Pri·

1639 3633 1701 3666 us
1744 3617 1974 3666 Leontius
2012 3617 2303 3680 legebatur,
2352 3631 2451 3681 quo
2495 3618 2700 3687 nomine

1641 3693 1925 3742 statuarius
1974 3693 2112 3756 apud
2168 3694 2451 3757 scriptores
2497 3696 2700 3743 ceteros

1640 3782 1791 3818 nemo
1815 3770 2061 3819 occurrit.
2105 3770 2176 3819 Et
2198 3783 2323 3819 vero
2345 3770 2412 3819 de
2438 3770 2702 3834 Pythago-

1642 3861 1701 3894 ra
1745 3847 1909 3894 altero
1945 3860 2230 3895 sermonem
2275 3848 2520 3896 essehoc
2565 3848 2699 3902 loco,

1642 3928 1750 3971 tum
1785 3922 1897 3985 ipsa
1938 3935 2033 3985 per
2065 3935 2121 3971 se
2160 3922 2327 3971 oratio
2363 3922 2553 3984 prodit,
2592 3929 2699 3970 tum

1641 3996 1862 4047 maxime
1882 3994 2169 4046 Pausanias
2190 3997 2281 4047 lib.
2306 4010 2383 4047 vr.
2404 4012 2457 4059 p.
2475 3999 2591 4046 366.
2614 3995 2700 4046 nbi

1643 4072 1812 4134 Astyli
1835 4072 2152 4122 Crotoniatae
2184 4078 2431 4134 statuam,
2460 4087 2578 4136 quae
2603 4072 2698 4122 Le·

1640 4147 1786 4199 ontio
1807 4160 1944 4197 nuno
1971 4147 2267 4203 ascribitur,
2290 4146 2421 4210 opus
2443 4160 2559 4196 esse
2594 4147 2697 4211 Py·

1639 4223 1870 4287 thagora
1893 4223 2155 4281 admonet,
2177 4237 2470 4287 quanquam
2501 4223 2592 4273 ille
2613 4234 2699 4274 cu·

1637 4300 1725 4366 jus
1766 4298 1929 4353 fuerit
1969 4315 2074 4356 non
2125 4298 2341 4352 indicat.
2420 4299 2532 4351 Sed
2582 4313 2697 4351 cnm
