3000 4917
791 375 969 429 uxr.
1017 378 1212 429 n1sr.
1263 380 1406 429 ms.
1457 381 1780 434 xxxvu.
1825 371 1939 436 63.
2284 373 2455 442 4881
2499 454 2502 457 Α

262 515 444 602 nigra
489 524 614 597 est,
665 537 708 584 a
758 519 1014 587 Medea
1064 521 1188 588 illa
1243 523 1603 592 fabulose²
1653 528 1967 596 inventa:
2010 533 2217 598 habet
2246 554 2459 601 venas

263 622 437 685 aurei
470 621 760 689 coloris:
808 623 1128 688 sudorem
1158 625 1379 690 reddit
1407 629 1615 706 croci,
1664 650 1978 715 saporem
2024 645 2247 700 autem
2299 636 2458 703 vini.

263 720 686 790 Meconitesb
727 734 1061 811 papaver³
1107 728 1449 811 exprimit.
1539 731 1844 797 Mithrax
1866 740 1898 782 4
1938 753 1983 799 a
2025 736 2299 801 Persis⁶
2344 758 2459 803 ac-

264 830 456 907 cepta
503 833 628 905 est,
678 833 747 892 et
791 828 1007 912 Rubri
1065 832 1271 894 maris
1329 833 1711 899 montibus:
1760 835 2169 915 multicolor,
2225 847 2462 905 contra

263 925 482 990 Solem
506 929 691 993 varie
713 927 1063 1013 refulgens.
1124 931 1542 1000 Morochites
1560 942 1583 983 ⁵
1602 932 1631 971 ‘²
1661 956 2007 1020 porraeea,
2037 939 2217 1006 lacte
2241 941 2461 1007 sudat.

264 1025 480 1093 Morio
511 1030 580 1093 in
609 1031 852 1109 India?
899 1052 1054 1116 quae
1100 1033 1447 1117 nigerrimo
1477 1038 1700 1103 colore
1749 1041 2131 1119 translucet,
2185 1048 2464 1108 vocatur

266 1129 656 1198 Pramnion:
702 1134 773 1197 in
806 1154 946 1218 qua
987 1136 1305 1200 miscetur
1343 1144 1418 1201 et
1460 1141 1856 1206 carbunculi
1898 1144 2113 1222 coloS‚
2158 1143 2464 1210 Alexan-

265 1233 611 1299 drinum:⁶
655 1236 771 1301 ubi
803 1237 1048 1315 sardae,
1100 1238 1449 1324 Cyprium.
1527 1239 1884 1322 Nascitur,
1929 1245 2091 1310 etin
2124 1245 2338 1330 Tyro,
2387 1254 2457 1312 et

264 1335 329 1399 in
355 1334 655 1402 Galatia.
682 1392 689 1400 .
717 1337 1162 1407 ‚Xenocrates
1199 1349 1269 1406 et
1313 1343 1445 1408 sub
1473 1341 1767 1428 Alpibus
1794 1347 1991 1410 nasci
2021 1347 2243 1413 tradit.
2320 1347 2461 1414 Hae

266 1444 410 1503 sunt
438 1458 745 1520 gemmae,
775 1461 934 1525 quae
969 1442 1056 1507 ad
1084 1449 1370 1526 ectypas
1400 1445 1781 1528 scalpturas
1806 1443 1829 1483 ¹⁹
1863 1455 2201 1532 aptantur.
2279 1449 2463 1533 Myr-

264 1540 463 1606 rhites
484 1549 512 1586 ⁸
545 1542 825 1626 myrrhae
851 1544 1141 1609 colorem
1169 1544 1397 1623 habet,
1444 1545 1616 1611 faeie
1645 1547 1921 1613 minima
1950 1568 2249 1632 gemmae
2298 1550 2462 1616 odo-=

266 1661 400 1734 rem
430 1645 688 1722 attrita,
735 1645 935 1711 etiam
985 1646 1226 1710 nardi.⁷
1301 1646 1714 1730 Myrmecias
1735 1646 1762 1684 ¹²
1809 1650 2001 1731 nigra
2045 1650 2253 1716 habet
2300 1652 2465 1716 emi-

267 1743 551 1811 nentias
576 1746 833 1813 similes
886 1748 1208 1813 verrucis.
1313 1745 1751 1831 Myrsinites¹
1808 1750 2113 1815 melleum
2168 1753 2466 1818 colorem

266 1845 478 1926 habet,
508 1848 711 1930 myrti
740 1845 1035 1917 odorem.
1128 1847 1606 1916 Mesoleueosj
1656 1856 1779 1931 est,
1820 1852 2107 1917 mediam
2137 1873 2466 1936 gemmam

1188 1980 1549 2001 euoueeeoeo

269 2043 446 2096 Dslee.
483 2047 746 2097 Mennonia
783 2047 1018 2098 Gronov.
1059 2054 1116 2098 et
1160 2049 1231 2098 al.
1278 2052 1513 2099 vem—2
1548 2048 1635 2097 Ita
1666 2048 1821 2101 codd.
1866 2048 2126 2100 Harduiui
2166 2057 2223 2119 et
2270 2051 2469 2103 Fuxen.

270 2123 381 2159 cum
418 2109 541 2159 edd.
583 2110 845 2161 Harduin.
881 2118 930 2162 1.
966 2116 1017 2163 2.
1056 2118 1106 2164 3.
1144 2121 1202 2163 et
1235 2121 1458 2163 recentt.
1505 2112 1730 2171 sabulosa
1768 2113 1999 2163 Gronov.
2038 2119 2093 2162 et
2127 2116 2195 2162 sl.
2237 2122 2466 2167 retu-'8

269 2173 352 2222 Its
371 2175 527 2225 codd.
553 2175 812 2228 Harduini
836 2184 892 2226 et
920 2178 1105 2226 Dalee.
1147 2192 1264 2228 cum
1306 2178 1428 2228 edd.
1461 2176 1721 2226 Hsrduin.
1758 2182 1804 2227 l.
1839 2182 1890 2226 2.
1928 2181 1977 2226 3.
2013 2185 2069 2226 et
2106 2187 2331 2229 recentt·
2380 2197 2469 2245 pa·

268 2253 434 2300 panem
471 2240 597 2290 edd.
638 2247 767 2291 vett.
797 2250 851 2291 et
887 2240 1118 2292 Gronov.
1121 2247 1218 2292 -4
1252 2243 1340 2292 Its
1376 2243 1500 2290 Vet.
1545 2240 1725 2291 Dslee.
1764 2241 2029 2290 Harduin:
2055 2246 2102 2291 1
2134 2248 2184 2296 2.
2215 2247 2266 2293 3.
2300 2253 2354 2293 et
2389 2259 2468 2294 re·

270 2311 424 2352 eentt.
460 2305 658 2353 Mitrnx
678 2306 909 2356 Gronov.
978 2307 1129 2369 Mox,
1162 2314 1255 2367 est,
1293 2307 1348 2356 in
1391 2305 1572 2364 Rubri,
1604 2308 1686 2368 &a
1719 2306 1842 2355 Vet.
1885 2305 2066 2355 Dalee.
2104 2314 2161 2356 et
2200 2308 2398 2358 Fuxen.
2404 2335 2470 2349 -

272 2373 299 2416 5
333 2367 417 2417 Ita
438 2368 592 2419 codd.
618 2369 877 2420 Har-duini
899 2375 955 2419 et
976 2371 1163 2421 Dalee.
1186 2387 1302 2420 cum
1339 2370 1461 2419 edd.
1503 2369 1762 2419 Harduin.
1789 2375 1831 2419 1.
1855 2374 1906 2418 2.
1929 2373 1980 2419 3.
2003 2376 2058 2419 et
2082 2378 2305 2422 recenti.
2360 2374 2470 2423 Me·

271 2437 412 2481 ructes
433 2432 670 2482 Gronov.
688 2441 744 2484 et
760 2436 827 2485 al.
848 2442 975 2485 vett·
975 2439 1074 2485 —6
1106 2435 1187 2484 [tn
1210 2450 1276 2484 ex
1298 2435 1449 2484 codd.
1475 2429 1781 2483 Harduiuns
1805 2441 1858 2482 et
1882 2442 2107 2483 recenti.
2177 2437 2367 2484 Mor-ion
2386 2437 2471 2486 In·

272 2497 388 2558 dica,
405 2500 486 2560 ᾂτ.
525 2498 761 2548 Gronov.
785 2506 841 2549 et
863 2499 1037 2563 vulgg.
1085 2498 1246 2549 Morio
1266 2499 1318 2548 in
1341 2498 1486 2548 India
1506 2503 1718 2546 vocatur.
1784 2498 2102 2555 Prominiuun,
2123 2499 2286 2563 inqua
2305 2500 2473 2550 misce·

274 2564 349 2608 tur
367 2566 413 2610 et
433 2562 762 2614 carbunculus.
815 2563 1201 2615 Alexandrinum
1232 2565 1433 2613 Fuxen.
1472 2562 1744 2625 proximum
1765 2562 2162 2620 Alexandrinum,
2182 2569 2231 2614 et
2248 2565 2330 2613 ubi
2353 2565 2472 2616 cod.

273 2623 448 2675 Dnlec.
450 2631 549 2676 -7
566 2628 654 2675 Ita
676 2627 1187 2678 codd.1·1ardu=n1et
1209 2629 1399 2678 Dalec.
1418 2641 1539 2683 curn
1560 2625 1682 2675 edd.
1701 2625 1955 2675 Har-duis.
1972 2630 2016 2675 l.
2029 2631 2080 2675 2.
2098 2631 2146 2677 3
2169 2634 2223 2678 et
2243 2637 2470 2679 recentt.

261 2688 520 2755 faciemque
536 2692 747 2741 minimae
762 2707 963 2754 gemmoe
982 2693 1217 2756 unguenti
1234 2695 1441 2757 odorem,
1454 2690 1629 2740 attrita
1647 2691 1793 2741 etiam
1813 2690 1954 2740 nardi
1970 2693 2200 2744 Gronov.
2218 2700 2276 2743 et
2294 2696 2470 2759 vulgg.

1259 2802 1479 2857 NOTAE

333 2885 356 2920 δ
387 2886 684 2952 Meconites]
717 2886 922 2946 Μῆκωνα
957 2888 1132 2939 Graeci
1170 2904 1330 2952 papa·
1473 2895 1497 2921 e
1529 2886 1692 2936 Morio
1713 2887 1766 2936 in
1788 2885 1958 2949 India]
2009 2888 2249 2938 Indicum
2280 2888 2331 2937 id
2357 2888 2475 2938 bar·

277 2974 362 3009 ver
383 2971 711 3025 nuncupant.
751 2963 886 3015 Haee
905 2965 1103 3027 pariter
1124 2965 1331 3015 Solinus
1411 2961 1749 3025 hsrieumque
1789 2962 2092 3021 vocabulum
2129 2977 2245 3011 esse
2279 2961 2473 3024 signifi-

278 3049 388 3099 eap.
428 3041 512 3089 37.
561 3052 679 3102 pag.
709 3042 793 3088 67.
822 3045 879 3088 et
907 3038 1143 3089 Isidorus
1181 3039 1332 3102 Orig.
1411 3043 1504 3087 cat
1536 3052 1551 3087 ι
1620 3037 1829 3094 Graeea,
1893 3052 2011 3102 qum
2066 3037 2473 3102 subsequuntur,

279 3123 385 3161 xu.
410 3116 489 3162 14.
1411 3109 1660 3174 πράμνιον,
1681 3114 1780 3161 &c-

338 3195 361 3221 ¹=
392 3188 673 3251 Mithraaea
692 3188 887 3252 Persis]
935 3189 1039 3241 Qui
1063 3190 1236 3240 Solem
1255 3189 1332 3252 ip·
1481 3186 1506 3218 f
1528 3187 1608 3237 Aa
1643 3192 1838 3250 ectypas
1872 3186 2160 3250 scalpturas]
2196 3186 2279 3237 Ad
2304 3190 2475 3252 scalp-

277 3275 382 3311 ιιιιιι
406 3263 637 3313 Mithran
678 3271 884 3323 vocant,
912 3273 970 3315 ut
989 3264 1181 3316 Strabo
1217 3280 1334 3330 pro·
1418 3270 1561 3313 turus
1573 3263 1875 3326 imaginum,
1893 3276 2011 3326 quae
2028 3275 2162 3311 eeroe
2177 3262 2475 3325 apprimum

281 3335 411 3387 didit
430 3338 526 3388 lib.
550 3351 645 3389 xv.
713 3340 853 3389 Hinc
877 3341 1335 3405 vetustaeinserip-
1419 3347 1522 3388 tur.
1586 3338 1829 3387 Diximus
1875 3337 1941 3386 de
1984 3351 2047 3386 es
2092 3352 2218 3388 voce
2275 3344 2478 3403 ectypon

280 3412 442 3462 tiones
485 3414 710 3478 passim:
768 3428 905 3465 som.
951 3429 1198 3467 ruvrc‘ro.
1243 3429 1336 3466 m·
1419 3428 1597 3466 xxxv.
1619 3418 1703 3463 43.

279 3488 787 3539 ‘tunsa—‘Tamen
820 3488 1023 3539 Herod.
1047 3490 1137 3539 lib.
1158 3504 1196 3539 1.
1236 3490 1338 3539 Mi·
1479 3499 1506 3533 8
1542 3488 1837 3554 Myrrhites]
1880 3487 2085 3540 Solinus
2104 3503 2223 3552 esp.
2247 3494 2330 3539 37.
2355 3503 2477 3553 pag.

282 3572 410 3611 tram
434 3562 568 3613 dicit
602 3578 633 3613 a
673 3563 852 3614 Persis
884 3565 1143 3614 Venerem
1176 3564 1338 3615 fuisse
1417 3570 1503 3615 67.
1574 3565 1879 3616 Priscianus
1923 3567 1975 3614 iu
2021 3565 2308 3626 Periegesi‚
2353 3579 2477 3628 pag.

283 3637 639 3702 appellatam?
673 3641 770 3690 Ed.
802 3641 1098 3691 θεὼ-ΗΜ)
1135 3656 1339 3705 gemma
1417 3644 1533 3691 393.
1586 3639 2044 3705 ‘Myrrhitenque,
2099 3639 2285 3690 bonum
2328 3638 2477 3687 nsrdi

283 3712 467 3763 dicitnr
503 3730 536 3763 a
569 3714 745 3764 Soliuo
782 3716 882 3765 loc.
921 3715 1011 3767 cit.
1050 3722 1105 3769 et
1137 3714 1339 3766 Isidoro
1421 3731 1539 3766 cum
1565 3716 1749 3764 reddat
1770 3715 2015 3765 odorem.'

284 3786 433 3852 Orig.
457 3802 576 3840 xvr.
599 3794 681 3839 12.
746 3791 1049 3855 Mula-idam,
1071 3791 1336 3841 mendose.
1484 3790 1510 3826 ¹¹
1543 3791 1857 3856 Myr-menius]
1894 3787 2224 3855 Mummium
2242 3789 2479 3839 similitu-

285 3863 513 3915 Pliniani
536 3880 713 3916 omnes
735 3868 873 3930 libri,
893 3868 1106 3917 Mitrnoe.
1202 3910 1205 3915 ,
1421 3865 1546 3915 diue
1568 3880 1989 3932 verruca,q=1sm
2025 3865 2197 3915 Graeei
2218 3864 2480 3928 μυρμηκίαν

345 3938 371 3973 ‘¹
401 3940 710 4004 Memmia]
744 3943 830 3995 Sic
860 3943 978 3992 libri
999 3956 1194 3992 omnes.
1227 3942 1342 3993 Mo·
1422 3949 1743 4004 nuncupant.

287 4015 496 4065 rochitis
551 4031 772 4081 gemma,
822 4017 1007 4082 inquit,
1057 4031 1347 4082 quanquam
1489 4016 1505 4051 ¹
1534 4017 1845 4082 Myrsinites]
1881 4016 1966 4067 Ab
1988 4016 2147 4067 odore
2175 4017 2339 4081 myrti,
2362 4031 2478 4081 quae

287 4105 378 4153 per
409 4105 469 4140 se
500 4106 751 4155 porraeea
783 4092 1086 4157 viridisque,
1119 4093 1243 4141 trita
1268 4101 1346 4142 ts·
1424 4092 1629 4142 Graecis
1650 4090 1863 4156 μυρσίνη.

286 4181 403 4217 men
425 4169 683 4220 candicat.
715 4170 851 4219 Vide
871 4171 1038 4220 Notas
1056 4175 1111 4220 et
1124 4168 1342 4221 Emend.
1480 4169 1499 4212 J
1533 4170 1844 4232 Mesoleucos]
1900 4167 2206 4221 Μεσόλευκος
2239 4177 2293 4218 et
2333 4168 2478 4228 μεσό-

288 4257 426 4292 ιιιιιιι.
449 4248 534 4294 28.
1419 4255 1573 4306 μελαε
1631 4247 1905 4298 contrariis
1954 4262 2018 4296 ex
2062 4245 2227 4296 causis
2282 4246 2477 4293 habent

417 4323 594 4389 Delph.
612 4330 663 4376 et
691 4326 808 4377 ναν.
836 4327 965 4376 Clas.
1305 4327 1518 4378 Plinius.
2201 4328 2262 4373 14
2298 4324 2347 4374 G
