3000 4917
842 403 1017 452 uxr.
1065 402 1262 454 ms‘r.
1294 401 1456 461 MB-
1506 402 1794 451 xxxrv‚
1838 385 1951 453 26.
2319 385 2492 453 4487

281 546 418 611 die.
470 544 619 613 Alii
650 547 988 614 vinaceisq
1021 553 1406 630 contegunt,
1437 548 1847 631 totidemque
1872 552 2035 631 post
2066 544 2209 611 dies
2236 546 2488 612 radunt.

282 651 431 716 Alii
465 651 859 717 delimatam
878 659 901 686 ¹
945 652 1101 716 aeris
1151 653 1421 715 scobem
1461 658 1657 716 aceto
1706 656 2050 735 spargunt,
2099 654 2495 733 versantque

284 753 557 837 spathis
590 755 845 838 saepius
874 753 1006 831 die,
1054 753 1267 817 donec
1317 753 1728 818 absumatur.
1774 798 1781 803 -
1820 752 2290 836 Eandemque⁸
2336 771 2495 817 sco·

284 858 444 921 bem
472 858 594 922 alii
621 864 830 921 terere
862 857 932 921 in
962 856 1295 921 mortariis
1326 856 1523 918 aereis
1556 874 1647 919 ex
1677 865 1869 921 aceto
1908 856 2190 920 malunt.
2279 854 2496 940 Ocys-

288 960 459 1023 sime
487 979 653 1024 vero
683 959 1012 1039 contingit
1040 958 1527 1021 coronariorum
1550 957 1570 993 ¹
1611 957 2065 1022 recisamentis
2083 966 2104 1006 ³
2138 958 2204 1021 in
2235 964 2493 1023 acetum

286 1059 575 1125 additis.
662 1059 1103 1124 Adulterant¹²
1147 1076 1477 1123 marmore
1506 1059 1664 1123 trito
1708 1060 2004 1124 maxime
2036 1059 2368 1124 Rhodiam
2402 1079 2496 1125 εο-

286 1163 622 1244 ruginem,
654 1162 769 1227 alii
801 1161 1088 1245 pumice,
1120 1169 1239 1226 aut
1266 1161 1538 1242 gummi.
1626 1161 2031 1245 Praecipuev
2073 1169 2294 1227 autem
2321 1161 2500 1227 fallit

291 1271 666 1329 atramento
698 1264 956 1353 sutorio
986 1264 1394 1329 adulterata.
1482 1261 1717 1328 Cetera
1750 1265 1934 1328 enim
1952 1272 1991 1300 W
2035 1265 2231 1329 dente
2258 1264 2500 1347 depre-

290 1365 691 1442 henduntur,
726 1366 1068 1430 stridentia
1094 1366 1164 1430 in
1195 1365 1580 1430 frendendo.
1670 1365 2214 1448 Experimentum
2261 1366 2328 1428 in
2378 1367 2497 1429 ba-

293 1460 491 1531 tillo³'t
534 1468 775 1533 ferreo.
865 1468 1043 1532 Nam
1075 1488 1227 1551 quae
1260 1468 1524 1532 sincera
1544 1472 1670 1544 est,
1691 1486 1881 1530 suum
1905 1468 2184 1531 colorem
2216 1467 2499 1533 retinet:

295 1588 450 1653 quae
479 1569 704 1633 mixta
733 1575 1118 1647 atramento,
1137 1569 1458 1633 rubescit.
1525 1567 2060 1651 Deprehenditur
2088 1577 2159 1633 et
2188 1574 2504 1659 papyro,4

297 1670 483 1752 galla
511 1670 699 1754 prius
729 1678 1106 1736 macerato:
1150 1669 1462 1753 nigrescit
1488 1669 1668 1732 enim
1714 1669 1937 1733 statim
1969 1672 2260 1753 aerugine
2302 1669 2501 1735 illita.

298 1771 847 1855 Deprehenditur
869 1778 937 1837 et
967 1772 1146 1848 visu,
1169 1771 1460 1852 maligne
1485 1771 1732 1834 virens·
1786 1771 1917 1835 Sed
1948 1772 2092 1836 sive
2122 1775 2451 1837 sinceram
2473 1780 2504 1818 ³

297 1873 443 1938 sive
475 1874 936 1953 adulteratam,
969 1874 1393 1957 aptissimum
1440 1880 1552 1938 est
1596 1873 1917 1938 siccatam
1946 1874 2015 1937 in
2045 1875 2280 1957 patina
2324 1893 2505 1938 nova

296 1975 400 2039 uri
430 1980 502 2040 et
532 1976 803 2053 versari,
832 1975 1356 2041 donec-favilla⁸
1398 1975 1560 2041 fiat':
1604 1976 1851 2059 po'stea
1883 1976 2110 2041 teritur
2154 1982 2223 2041 et
2268 1996 2504 2041 recon-

1223 2140 1312 2161 000
1316 2139 1586 2162 ‘Oudon‘

300 2238 484 2297 tibus,’
534 2251 591 2289 et
623 2254 740 2301 esp.
773 2244 856 2292 45.
899 2240 1206 2292 ‘deraditur
1248 2241 1458 2291 humido
1493 2240 1638 2291 ferro
1684 2247 1740 2290 et
1788 2240 1948 2290 clavis
1995 2238 2322 2290 veteribus.’'
2378 2240 2506 2289 Bro-

298 2304 512 2353 tier.--2
546 2305 668 2355 Vct.
704 2307 887 2354 Dslec.
935 2307 1178 2369 probatior
1210 2322 1352 2370 quam
1384 2307 1431 2354 si
1464 2306 1552 2355 hoe
1572 2307 1696 2355 idem
1724 2320 1751 2354 e
1782 2305 2104 2369 squamis-3
2141 2304 2226 2354 Ita
2248 2319 2312 2353 ex
2347 2304 2505 2354 codd.

298 2369 608 2433 Harduiuus
637 2376 693 2419 et
726 2378 947 2420 recentt.
1006 2371 1246 2433 contingit
1278 2371 1486 2420 tenacior
1518 2373 1659 2419 recis.
1695 2371 1812 2419 cod.
1855 2369 2037 2419 Dalec.
2097 2370 2339 2418 contr-aluit
2374 2384 2507 2417 eoro-

297 2447 470 2482 nurum
526 2435 805 2499 eruginem,
845 2435 1171 2485 recisamentis
1207 2435 1439 2486 Gronov.
1498 2442 1556 2485 et
1592 2434 1658 2483 sl.
1696 2438 1923 2485 vem—4
1955 2434 2080 2483 Vet.
2134 2434 2322 2483 Dalcc.
2363 2434 2508 2496 capil-

1296 2583 1344 2634 N
1355 2582 1517 2634 01·AE

296 2701 413 2748 984.
480 2696 726 2747 Lamellis
768 2697 920 2748 aereis
960 2697 1097 2748 idem
1137 2695 1273 2747 effici
1309 2703 1365 2746 et
1447 2695 1631 2745 Diosc.
1656 2709 1707 2745 V.
1722 2699 1806 2745 91.
2230 2758 2235 2763 .
2340 2761 2345 2765 ι

300 2774 400 2838 ipsi
447 2775 682 2836 tradunt,
733 2783 788 2825 et
828 2777 1101 2826 Vitruvius
1143 2791 1363 2842 quoque,
1506 2779 1536 2805 ¹
1573 2771 2029 2835 Expefimenwmin
2047 2770 2235 2835 batillo]
2257 2771 2510 2821 Ferreum

297 2864 401 2900 vu.
424 2855 509 2901 12.
533 2865 653 2914 pag.
680 2855 793 2902 145.
1444 2848 1497 2898 id
1523 2849 1922 2898 lustramentum
1947 2856 2043 2906 est,
2078 2863 2176 2912 quo
2201 2863 2380 2912 pruna}
2402 2851 2510 2900 col-

363 2935 390 2969 !
421 2927 531 2976 Alii
552 2929 779 2993 vinaceis]
820 2928 998 2978 Diosc.
1029 2936 1084 2979 et
1102 2936 1284 2980 auctor
1303 2929 1363 2980 li·
1445 2924 1699 3000 ligantur,
1754 2924 1819 2974 ad
1876 2924 2260 2974 similitudinem
2317 2927 2453 2990 palae
2492 2943 2508 2977 t

298 3001 380 3052 bri
401 3003 469 3050 sd
488 3003 710 3057 Pateru.
740 3003 865 3051 locis
887 3003 980 3052 cit.
1445 3016 1539 3051 une
1555 3004 1681 3066 peste
1701 3005 1733 3050 ὰ
1750 3001 1860 3061 seu.
1925 3002 2191 3051 Laminam
2214 3016 2307 3064 pro
2327 3002 2510 3052 batillo

363 3083 385 3110 1'
414 3075 527 3125 Alii
548 3077 843 3141 delimatam]
877 3078 1061 3129 Dio'sc.
1096 3086 1151 3129 et
1183 3086 1365 3131 auctor
1450 3079 1629 3128 Diosc.
1663 3077 1897 3139 adhibet,
1931 3077 2069 3142 quod
2103 3078 2324 3127 eundem
2360 3093 2508 3127 usum

302 3153 539 3218 proxime
562 3167 679 3202 cnm
703 3167 768 3202 eo
789 3152 1050 3204 laudatus.
1447 3152 1611 3202 babet
1636 3169 1677 3220 z·
1709 3161 1888 3203 cetero
1945 3152 2265 3203 Dioscuridis
2322 3153 2512 3203 rationi

362 3235 382 3260 ⁸
412 3227 746 3291 Eandemque]
792 3226 996 3278 Auctor
1031 3227 1148 3278 libri
1176 3230 1241 3281 ad
1265 3231 1366 3281 Ps-
1448 3242 1663 3292 prorsus
1678 3227 1922 3278 Pliniana
1933 3228 2207 3289 congruit:
2229 3227 2295 3277 Τὸ
2316 3227 2368 3277 δὲ
2383 3227 2514 3291 χάλ-

304 3308 441 3352 tern.
462 3304 566 3354 loc.
588 3304 679 3354 cit.
1447 3307 1638 3367 κανθοι,
1658 3370 1663 3373 ἱ
1682 3303 1870 3368 iuquit,
1910 3300 2242 3366 ἃπελέγχεται
2277 3306 2346 3366 τῷ
2381 3303 2509 3369 πυρὶ,

364 3380 382 3411 ⁸
416 3379 814 3444 eormriorum]
855 3380 1051 3431 Existit
1090 3382 1264 3432 statim
1298 3382 1366 3431 ai·
1447 3396 1494 3428 κ.
1539 3397 1586 3430 τ.
1629 3387 1681 3428 λ.
1748 3381 2084 3429 Atramentsm
2126 3380 2359 3428 sutorium
2398 3381 2514 3441 igne

302 3466 430 3517 rugo
454 3468 485 3503 e
507 3456 868 3504 recisamentis
903 3445 1071 3521 aereis,
1105 3472 1217 3521 quoe
1241 3459 1367 3521 abji·
1448 3456 1845 3519 deprehenditur:
1888 3470 2087 3519 numque
2124 3456 2171 3504 si
2206 3457 2395 3505 lumine
2428 3461 2515 3506 aut

302 3530 448 3579 ciunt
480 3531 517 3580 ii
558 3531 645 3595 qui
679 3546 899 3581 coronas
933 3547 998 3581 ex
1021 3548 1124 3582 aere
1147 3534 1369 3599 faciunt,
1434 3532 1593 3598 fictili
1613 3532 1975 3595 ‹eruginemitu
1995 3533 2312 3581 adultemtam
2332 3533 2514 3596 insper-

304 3604 441 3668 quod
466 3607 790 3656 coronarium
827 3605 1021 3657 idcirco
1048 3611 1366 3672 appellatum
1447 3609 1594 3670 seris,
1613 3614 1661 3659 et
1684 3609 1849 3658 horum
1864 3609 2375 3669 alterutrumserceuti
2386 3608 2514 3658 ciue·

306 3687 405 3743 est,
428 3695 548 3742 cap.
567 3684 655 3730 20.
1449 3684 1497 3732 ri
1514 3689 1601 3735 unt
1630 3685 1802 3749 prunis
1834 3684 2130 3745 imposueris,
2162 3689 2344 3734 mutato
2363 3687 2517 3735 colore

367 3765 391 3790 ¹¹
412 3755 984 3819 Adulterant]'rotidem
1000 3759 1172 3809 verbis
1185 3759 1370 3811 Diosc.
1449 3760 1682 3821 rebe-rect,
1714 3775 1820 3824 quoe
1852 3764 2117 3809 strumento
2151 3761 2332 3809 sutorio
2360 3762 2517 3812 mixta

306 3847 356 3880 v.
377 3836 461 3881 91.
485 3839 542 3882 et
566 3834 779 3882 Oribas.
796 3833 890 3883 lib.
914 3846 1042 3884 1111.
1063 3848 1115 3896 p.
1137 3837 1253 3884 227.
1438 3836 1620 3896 suerit,
1640 3838 1725 3899 &c-

366 3916 391 3941 v
423 3908 706 3972 Praecipue]
735 3908 936 3959 *Diosm
959 3917 1017 3959 et
1039 3910 1249 3960 Oribas.
1267 3912 1371 3963 loc.
1517 3919 1542 3955 5
1571 3911 1670 3961 Sed
1708 3912 1809 3961 sice
1838 3911 2095 3975 sincerum]
2130 3911 2261 3963 Haec
2297 3915 2513 3965 totidem

306 3984 396 4033 cit.
1454 3987 1626 4036 verbis
1652 3988 1832 4037 Diosc.
1860 4001 1914 4036 v.
1937 3992 2020 4036 92.

367 4067 401 4092 ¹⁷
435 4061 614 4110 Cetera
633 4058 787 4124 enim]
843 4059 1136 4118 Oribasius,
1157 4062 1256 4112 loc.
1276 4063 1369 4115 cit.
1518 4072 1540 4097 ¹
1589 4065 1755 4113 Donec
1796 4062 1996 4127 favilla]
2051 4065 2233 4114 Donec
2287 4067 2516 4117 colorem

306 4133 325 4163 ‘
347 4136 484 4186 Quin
509 4135 759 4185 dentibus
781 4150 986 4202 quoque
1008 4140 1368 4201 cognoscitur:
1453 4139 1722 4190 cinereum
1765 4139 2145 4204 quodammodo
2166 4140 2399 4205 uret‘ernt,
2441 4144 2519 4192 in·

206 4264 212 4271 „
307 4222 420 4258 nau·
443 4211 907 4275 quae-sincersest,
922 4212 1072 4277 levis,
1095 4219 1152 4262 et
1170 4228 1273 4264 nou
1291 4228 1373 4264 as·
1453 4216 1565 4279 quit
1606 4215 1793 4265 Diosc.
1852 4214 1939 4264 ἔως
1979 4215 2040 4266 ἂν
2080 4214 2382 4283 μεταβάλλῃ,
2435 4216 2515 4267 καὶ

309 4299 454 4351 pera,
476 4286 579 4336 illis
604 4283 790 4336 cedit.'
854 4285 1095 4355 Totidem
1122 4289 1293 4339 verbis
1315 4298 1373 4342 et
1401 4308 1406 4311 ²
1453 4289 1752 4357 ὕποποδῖσῃ
1771 4293 1834 4357 τῇ
1853 4290 1996 4356 χρόᾳ.
