<?xml version="1.0" encoding="UTF-8"?>
<!DOCTYPE html PUBLIC "-//W3C//DTD XHTML 1.0 Transitional//EN"
    "http://www.w3.org/TR/xhtml1/DTD/xhtml1-transitional.dtd">
<html xmlns="http://www.w3.org/1999/xhtml" xml:lang="en" lang="en">
 <head>
  <title>
</title>
<meta http-equiv="Content-Type" content="text/html;charset=utf-8" />
  <meta name='ocr-system' content='tesseract 3.04.00' />
  <meta name='ocr-capabilities' content='ocr_page ocr_carea ocr_par ocr_line ocrx_word'/>
</head>
<body>
  <div class='ocr_page' id='page_1' title='image "./cpliniisecundin01valpgoog_0240.png"; bbox 0 0 3000 4917; ppageno 0'>
   <div class='ocr_carea' id='block_1_1' title="bbox 508 355 685 430">
    <p class='ocr_par' dir='ltr' id='par_1_1' title="bbox 508 355 685 430">
     <span class='ocr_line' id='line_1_1' title="bbox 508 355 685 430; baseline 0 0"><span class='ocrx_word' id='word_1_1' title='bbox 508 355 685 430; x_wconf 70' lang='lat'>4696</span> 
     </span>
    </p>
   </div>
   <div class='ocr_carea' id='block_1_2' title="bbox 489 522 2705 2035">
    <p class='ocr_par' dir='ltr' id='par_1_2' title="bbox 501 522 2703 1422">
     <span class='ocr_line' id='line_1_2' title="bbox 510 522 2701 611; baseline 0 -21"><span class='ocrx_word' id='word_1_2' title='bbox 510 548 595 611; x_wconf 84' lang='lat' dir='ltr'>ga</span> <span class='ocrx_word' id='word_1_3' title='bbox 624 527 954 602; x_wconf 82' lang='lat' dir='ltr'>manibuS,</span> <span class='ocrx_word' id='word_1_4' title='bbox 976 522 1366 590; x_wconf 86' lang='lat' dir='ltr'>Alexandro</span> <span class='ocrx_word' id='word_1_5' title='bbox 1396 527 1464 588; x_wconf 91' lang='lat' dir='ltr'>in</span> <span class='ocrx_word' id='word_1_6' title='bbox 1492 545 1681 589; x_wconf 87' lang='lat' dir='ltr'>curru</span> <span class='ocrx_word' id='word_1_7' title='bbox 1717 525 2186 607; x_wconf 78' lang='lat' dir='ltr'><strong>triumphante.</strong></span> <span class='ocrx_word' id='word_1_8' title='bbox 2261 523 2454 604; x_wconf 83' lang='lat' dir='ltr'>Quas</span> <span class='ocrx_word' id='word_1_9' title='bbox 2485 522 2701 591; x_wconf 80' lang='lat' dir='ltr'>u&#39;tras-</span> 
     </span>
     <span class='ocr_line' id='line_1_3' title="bbox 509 627 2702 713; baseline -0 -19"><span class='ocrx_word' id='word_1_10' title='bbox 509 650 639 713; x_wconf 87' lang='lat' dir='ltr'>que</span> <span class='ocrx_word' id='word_1_11' title='bbox 669 628 932 693; x_wconf 90' lang='lat' dir='ltr'>tabulas</span> <span class='ocrx_word' id='word_1_12' title='bbox 968 629 1181 693; x_wconf 84' lang='lat' dir='ltr'>Divus</span> <span class='ocrx_word' id='word_1_13' title='bbox 1207 629 1551 710; x_wconf 86' lang='lat' dir='ltr'>Augustus</span> <span class='ocrx_word' id='word_1_14' title='bbox 1581 629 1651 691; x_wconf 92' lang='lat' dir='ltr'>in</span> <span class='ocrx_word' id='word_1_15' title='bbox 1686 628 1842 691; x_wconf 86' lang='lat' dir='ltr'>Fori</span> <span class='ocrx_word' id='word_1_16' title='bbox 1877 628 1984 690; x_wconf 90' lang='lat' dir='ltr'>sui</span> <span class='ocrx_word' id='word_1_17' title='bbox 2012 629 2319 710; x_wconf 83' lang='lat' dir='ltr'>partibus</span> <span class='ocrx_word' id='word_1_18' title='bbox 2349 627 2702 693; x_wconf 85' lang='lat' dir='ltr'>celeberri-</span> 
     </span>
     <span class='ocr_line' id='line_1_4' title="bbox 507 729 2701 813; baseline -0.001 -18"><span class='ocrx_word' id='word_1_19' title='bbox 507 733 639 795; x_wconf 88' lang='lat' dir='ltr'>mis</span> <span class='ocrx_word' id='word_1_20' title='bbox 698 730 1046 795; x_wconf 81' lang='lat' dir='ltr'>dicaverat</span> <span class='ocrx_word' id='word_1_21' title='bbox 1118 729 1548 813; x_wconf 81' lang='lat' dir='ltr'>simplicitate</span> <span class='ocrx_word' id='word_1_22' title='bbox 1619 732 1981 794; x_wconf 85' lang='lat' dir='ltr'>moderata.</span> <span class='ocrx_word' id='word_1_23' title='bbox 2071 729 2293 794; x_wconf 87' lang='lat' dir='ltr'>Divus</span> <span class='ocrx_word' id='word_1_24' title='bbox 2366 729 2701 793; x_wconf 84' lang='lat' dir='ltr'>Claudius</span> 
     </span>
     <span class='ocr_line' id='line_1_5' title="bbox 506 827 2703 916; baseline -0.001 -19"><span class='ocrx_word' id='word_1_25' title='bbox 506 833 719 916; x_wconf 88' lang='lat' dir='ltr'>pluris</span> <span class='ocrx_word' id='word_1_26' title='bbox 746 834 1187 911; x_wconf 86' lang='lat' dir='ltr'>existimavit,</span> <span class='ocrx_word' id='word_1_27' title='bbox 1220 833 1519 915; x_wconf 89' lang='lat' dir='ltr'>utrisque</span> <span class='ocrx_word' id='word_1_28' title='bbox 1562 833 1798 896; x_wconf 88' lang='lat' dir='ltr'>excisa</span> <span class='ocrx_word' id='word_1_29' title='bbox 1812 831 1870 870; x_wconf 82' lang='lat'>⁸⁰</span> <span class='ocrx_word' id='word_1_30' title='bbox 1911 833 2083 896; x_wconf 82' lang='lat' dir='ltr'>facie</span> <span class='ocrx_word' id='word_1_31' title='bbox 2111 827 2503 909; x_wconf 81' lang='lat' dir='ltr'>Alexandri,</span> <span class='ocrx_word' id='word_1_32' title='bbox 2539 831 2703 894; x_wconf 86' lang='lat' dir='ltr'>Divi</span> 
     </span>
     <span class='ocr_line' id='line_1_6' title="bbox 507 933 2703 1017; baseline -0.001 -19"><span class='ocrx_word' id='word_1_33' title='bbox 507 933 801 1016; x_wconf 86' lang='lat' dir='ltr'>Augusti</span> <span class='ocrx_word' id='word_1_34' title='bbox 852 935 1202 1015; x_wconf 84' lang='lat' dir='ltr'>imaginem</span> <span class='ocrx_word' id='word_1_35' title='bbox 1263 934 1570 998; x_wconf 87' lang='lat' dir='ltr'>subdere.</span> <span class='ocrx_word' id='word_1_36' title='bbox 1663 933 1988 1017; x_wconf 88' lang='lat' dir='ltr'>Ejusdem</span> <span class='ocrx_word' id='word_1_37' title='bbox 2049 935 2442 998; x_wconf 83' lang='lat' dir='ltr'>arbitrantur</span> <span class='ocrx_word' id='word_1_38' title='bbox 2501 950 2703 996; x_wconf 89' lang='lat' dir='ltr'>manu</span> 
     </span>
     <span class='ocr_line' id='line_1_7' title="bbox 506 1028 2703 1119; baseline -0.001 -19"><span class='ocrx_word' id='word_1_39' title='bbox 506 1056 659 1100; x_wconf 88' lang='lat' dir='ltr'>esse</span> <span class='ocrx_word' id='word_1_40' title='bbox 702 1041 769 1100; x_wconf 92' lang='lat' dir='ltr'>et</span> <span class='ocrx_word' id='word_1_41' title='bbox 806 1035 877 1099; x_wconf 90' lang='lat' dir='ltr'>in</span> <span class='ocrx_word' id='word_1_42' title='bbox 916 1033 1227 1100; x_wconf 83' lang='lat' dir='ltr'>Antoniae</span> <span class='ocrx_word' id='word_1_43' title='bbox 1259 1031 1540 1118; x_wconf 89' lang='lat' dir='ltr'>templo¹</span> <span class='ocrx_word' id='word_1_44' title='bbox 1588 1035 1952 1100; x_wconf 87' lang='lat' dir='ltr'>Herculem</span> <span class='ocrx_word' id='word_1_45' title='bbox 1986 1055 2333 1101; x_wconf 87' lang='lat' dir='ltr'>aversum:</span> <span class='ocrx_word' id='word_1_46' title='bbox 2378 1043 2479 1112; x_wconf 88' lang='lat' dir='ltr'>ut,</span> <span class='ocrx_word' id='word_1_47' title='bbox 2502 1028 2703 1119; x_wconf 74' lang='lat' dir='ltr'>&#39;quod</span> 
     </span>
     <span class='ocr_line' id='line_1_8' title="bbox 506 1136 2703 1221; baseline 0 -20"><span class='ocrx_word' id='word_1_48' title='bbox 506 1145 613 1201; x_wconf 90' lang='lat' dir='ltr'>est</span> <span class='ocrx_word' id='word_1_49' title='bbox 666 1136 1143 1212; x_wconf 88' lang='lat' dir='ltr'>difficillimum,</span> <span class='ocrx_word' id='word_1_50' title='bbox 1201 1137 1441 1201; x_wconf 86' lang='lat' dir='ltr'>faciem</span> <span class='ocrx_word' id='word_1_51' title='bbox 1501 1138 1648 1221; x_wconf 87' lang='lat' dir='ltr'>ejus</span> <span class='ocrx_word' id='word_1_52' title='bbox 1699 1139 2065 1202; x_wconf 77' lang='lat' dir='ltr'>ostendatm</span> <span class='ocrx_word' id='word_1_53' title='bbox 2122 1137 2347 1201; x_wconf 84' lang='lat' dir='ltr'>verius</span> <span class='ocrx_word' id='word_1_54' title='bbox 2406 1138 2703 1220; x_wconf 84' lang='lat' dir='ltr'>pictura,</span> 
     </span>
     <span class='ocr_line' id='line_1_9' title="bbox 504 1237 2702 1323; baseline 0 -20"><span class='ocrx_word' id='word_1_55' title='bbox 504 1258 711 1323; x_wconf 84' lang='lat' dir='ltr'>quam</span> <span class='ocrx_word' id='word_1_56' title='bbox 738 1237 1102 1321; x_wconf 85' lang='lat' dir='ltr'>promittat.</span> <span class='ocrx_word' id='word_1_57' title='bbox 1191 1239 1425 1304; x_wconf 85' lang='lat' dir='ltr'>Pinxit</span> <span class='ocrx_word' id='word_1_58' title='bbox 1456 1247 1526 1305; x_wconf 91' lang='lat' dir='ltr'>et</span> <span class='ocrx_word' id='word_1_59' title='bbox 1555 1240 1756 1304; x_wconf 88' lang='lat' dir='ltr'>heroa</span> <span class='ocrx_word' id='word_1_60' title='bbox 1795 1240 2132 1305; x_wconf 74' lang='lat' dir='ltr'>nudumz¹¹</span> <span class='ocrx_word' id='word_1_61' title='bbox 2175 1259 2389 1322; x_wconf 87' lang='lat' dir='ltr'>eaque</span> <span class='ocrx_word' id='word_1_62' title='bbox 2438 1239 2702 1323; x_wconf 89' lang='lat' dir='ltr'>pictura</span> 
     </span>
     <span class='ocr_line' id='line_1_10' title="bbox 501 1338 1578 1422; baseline 0.002 -20"><span class='ocrx_word' id='word_1_63' title='bbox 501 1346 798 1404; x_wconf 88' lang='lat' dir='ltr'>naturam</span> <span class='ocrx_word' id='word_1_64' title='bbox 827 1340 1049 1422; x_wconf 87' lang='lat' dir='ltr'>ipsam</span> <span class='ocrx_word' id='word_1_65' title='bbox 1069 1338 1120 1378; x_wconf 82' lang='lat'>⁸¹</span> <span class='ocrx_word' id='word_1_66' title='bbox 1168 1340 1578 1422; x_wconf 85' lang='lat' dir='ltr'>provocavit.</span> 
     </span>
    </p>

    <p class='ocr_par' dir='ltr' id='par_1_3' title="bbox 489 1440 2705 2035">
     <span class='ocr_line' id='line_1_11' title="bbox 589 1440 2702 1524; baseline 0 -21"><span class='ocrx_word' id='word_1_67' title='bbox 589 1440 713 1504; x_wconf 90' lang='lat' dir='ltr'>Est</span> <span class='ocrx_word' id='word_1_68' title='bbox 742 1449 812 1504; x_wconf 91' lang='lat' dir='ltr'>et</span> <span class='ocrx_word' id='word_1_69' title='bbox 836 1460 1051 1524; x_wconf 88' lang='lat' dir='ltr'>equus</span> <span class='ocrx_word' id='word_1_70' title='bbox 1081 1440 1253 1523; x_wconf 79' lang='lat' dir='ltr'>ejuS,</span> <span class='ocrx_word' id='word_1_71' title='bbox 1281 1443 1424 1506; x_wconf 85' lang='lat' dir='ltr'>sive</span> <span class='ocrx_word' id='word_1_72' title='bbox 1449 1441 1656 1519; x_wconf 80' lang='lat' dir='ltr'>fuit‚⁸²</span> <span class='ocrx_word' id='word_1_73' title='bbox 1687 1443 1912 1524; x_wconf 88' lang='lat' dir='ltr'>pictus</span> <span class='ocrx_word' id='word_1_74' title='bbox 1941 1442 2011 1504; x_wconf 91' lang='lat' dir='ltr'>in</span> <span class='ocrx_word' id='word_1_75' title='bbox 2041 1441 2473 1506; x_wconf 73' lang='lat' dir='ltr'>certaminez⁶</span> <span class='ocrx_word' id='word_1_76' title='bbox 2515 1442 2702 1523; x_wconf 87' lang='lat' dir='ltr'>quod</span> 
     </span>
     <span class='ocr_line' id='line_1_12' title="bbox 489 1543 2705 1628; baseline -0 -21"><span class='ocrx_word' id='word_1_77' title='bbox 489 1544 821 1628; x_wconf 89' lang='lat' dir='ltr'>judicium</span> <span class='ocrx_word' id='word_1_78' title='bbox 855 1543 940 1608; x_wconf 89' lang='lat' dir='ltr'>ad</span> <span class='ocrx_word' id='word_1_79' title='bbox 973 1551 1190 1608; x_wconf 88' lang='lat' dir='ltr'>mutas</span> <span class='ocrx_word' id='word_1_80' title='bbox 1221 1543 1690 1628; x_wconf 88' lang='lat' dir='ltr'>quadrupedes</span> <span class='ocrx_word' id='word_1_81' title='bbox 1737 1546 2122 1627; x_wconf 83' lang='lat' dir='ltr'>provocavit</span> <span class='ocrx_word' id='word_1_82' title='bbox 2151 1545 2237 1608; x_wconf 89' lang='lat' dir='ltr'>ab</span> <span class='ocrx_word' id='word_1_83' title='bbox 2265 1543 2705 1608; x_wconf 75' lang='lat' dir='ltr'>hominibus.⁶</span> 
     </span>
     <span class='ocr_line' id='line_1_13' title="bbox 503 1645 2702 1729; baseline -0 -20"><span class='ocrx_word' id='word_1_84' title='bbox 503 1646 815 1729; x_wconf 90' lang='lat' dir='ltr'>Namque</span> <span class='ocrx_word' id='word_1_85' title='bbox 860 1645 1116 1708; x_wconf 88' lang='lat' dir='ltr'>ambitu</span> <span class='ocrx_word' id='word_1_86' title='bbox 1166 1645 1446 1709; x_wconf 84' lang='lat' dir='ltr'>aemulos</span> <span class='ocrx_word' id='word_1_87' title='bbox 1494 1647 1865 1729; x_wconf 78' lang='lat' dir='ltr'>praevalere</span> <span class='ocrx_word' id='word_1_88' title='bbox 1921 1646 2239 1724; x_wconf 77' lang='lat' dir='ltr'>sentienS,</span> <span class='ocrx_word' id='word_1_89' title='bbox 2287 1645 2702 1726; x_wconf 87' lang='lat' dir='ltr'>singulorum</span> 
     </span>
     <span class='ocr_line' id='line_1_14' title="bbox 498 1745 2705 1831; baseline -0 -20"><span class='ocrx_word' id='word_1_90' title='bbox 498 1749 796 1830; x_wconf 82' lang='lat' dir='ltr'>picturas</span> <span class='ocrx_word' id='word_1_91' title='bbox 840 1746 1135 1810; x_wconf 86' lang='lat' dir='ltr'>inductis</span> <span class='ocrx_word' id='word_1_92' title='bbox 1175 1747 1367 1830; x_wconf 86' lang='lat' dir='ltr'>equis</span> <span class='ocrx_word' id='word_1_93' title='bbox 1398 1748 1728 1813; x_wconf 87' lang='lat' dir='ltr'>ostendit:</span> <span class='ocrx_word' id='word_1_94' title='bbox 1755 1747 1847 1793; x_wconf 77' lang='lat'>‘¹⁸³</span> <span class='ocrx_word' id='word_1_95' title='bbox 1894 1745 2165 1831; x_wconf 87' lang='lat' dir='ltr'>Apellis</span> <span class='ocrx_word' id='word_1_96' title='bbox 2194 1753 2453 1811; x_wconf 85' lang='lat' dir='ltr'>tanturn</span> <span class='ocrx_word' id='word_1_97' title='bbox 2486 1753 2705 1830; x_wconf 81' lang='lat' dir='ltr'>equo⁰</span> 
     </span>
     <span class='ocr_line' id='line_1_15' title="bbox 500 1848 2699 1932; baseline -0.001 -18"><span class='ocrx_word' id='word_1_98' title='bbox 500 1849 952 1922; x_wconf 86' lang='lat' dir='ltr'>adhinnivere,</span> <span class='ocrx_word' id='word_1_99' title='bbox 978 1848 1181 1931; x_wconf 86' lang='lat' dir='ltr'>idque</span> <span class='ocrx_word' id='word_1_100' title='bbox 1234 1853 1299 1911; x_wconf 89' lang='lat' dir='ltr'>et</span> <span class='ocrx_word' id='word_1_101' title='bbox 1348 1855 1586 1931; x_wconf 90' lang='lat' dir='ltr'>postea</span> <span class='ocrx_word' id='word_1_102' title='bbox 1632 1869 1896 1932; x_wconf 86' lang='lat' dir='ltr'>semper</span> <span class='ocrx_word' id='word_1_103' title='bbox 1940 1850 2123 1913; x_wconf 88' lang='lat' dir='ltr'>illius</span> <span class='ocrx_word' id='word_1_104' title='bbox 2167 1849 2699 1930; x_wconf 87' lang='lat' dir='ltr'>experimentum</span> 
     </span>
     <span class='ocr_line' id='line_1_16' title="bbox 502 1947 2702 2035; baseline -0.001 -20"><span class='ocrx_word' id='word_1_105' title='bbox 502 1952 665 2015; x_wconf 86' lang='lat' dir='ltr'>artis</span> <span class='ocrx_word' id='word_1_106' title='bbox 696 1955 1080 2014; x_wconf 87' lang='lat' dir='ltr'>ostentatur.</span> <span class='ocrx_word' id='word_1_107' title='bbox 1174 1949 1365 2014; x_wconf 89' lang='lat' dir='ltr'>Fecit</span> <span class='ocrx_word' id='word_1_108' title='bbox 1409 1958 1478 2016; x_wconf 89' lang='lat' dir='ltr'>et</span> <span class='ocrx_word' id='word_1_109' title='bbox 1520 1951 2092 2035; x_wconf 61' lang='lat' dir='ltr'>Neoptolemum&gt;</span> <span class='ocrx_word' id='word_1_110' title='bbox 2137 1970 2223 2014; x_wconf 84' lang='lat' dir='ltr'>ex</span> <span class='ocrx_word' id='word_1_111' title='bbox 2256 1968 2434 2033; x_wconf 90' lang='lat' dir='ltr'>equo</span> <span class='ocrx_word' id='word_1_112' title='bbox 2463 1947 2702 2014; x_wconf 89' lang='lat' dir='ltr'>adver·</span> 
     </span>
    </p>
   </div>
   <div class='ocr_carea' id='block_1_3' title="bbox 1241 378 1992 430">
    <p class='ocr_par' dir='ltr' id='par_1_4' title="bbox 1241 378 1992 430">
     <span class='ocr_line' id='line_1_17' title="bbox 1241 378 1992 430; baseline 0 -1"><span class='ocrx_word' id='word_1_113' title='bbox 1241 384 1304 429; x_wconf 78' lang='lat'>0.</span> <span class='ocrx_word' id='word_1_114' title='bbox 1353 380 1599 430; x_wconf 74' lang='lat' dir='ltr'>PmNu</span> <span class='ocrx_word' id='word_1_115' title='bbox 1647 378 1992 430; x_wconf 72' lang='lat' dir='ltr'>SECUNm-</span> 
     </span>
    </p>
   </div>
   <div class='ocr_carea' id='block_1_4' title="bbox 561 2121 2397 2307">
    <p class='ocr_par' dir='ltr' id='par_1_5' title="bbox 562 2121 2380 2307">
     <span class='ocr_line' id='line_1_18' title="bbox 563 2121 1601 2185; baseline 0.002 -15"><span class='ocrx_word' id='word_1_116' title='bbox 563 2121 585 2154; x_wconf 62' lang='grc' dir='ltr'><strong>ὃ</strong></span> <span class='ocrx_word' id='word_1_117' title='bbox 618 2123 680 2170; x_wconf 79' lang='lat' dir='ltr'>In</span> <span class='ocrx_word' id='word_1_118' title='bbox 697 2124 897 2185; x_wconf 72' lang='lat' dir='ltr'>pictura</span> <span class='ocrx_word' id='word_1_119' title='bbox 917 2125 1167 2174; x_wconf 78' lang='lat' dir='ltr'>certamine</span> <span class='ocrx_word' id='word_1_120' title='bbox 1179 2140 1281 2173; x_wconf 77' lang='lat' dir='ltr'>cum</span> <span class='ocrx_word' id='word_1_121' title='bbox 1299 2124 1441 2173; x_wconf 81' lang='lat' dir='ltr'>sociis</span> <span class='ocrx_word' id='word_1_122' title='bbox 1460 2125 1601 2173; x_wconf 82' lang='lat' dir='ltr'>artis.</span> 
     </span>
     <span class='ocr_line' id='line_1_19' title="bbox 561 2188 2397 2251; baseline 0.001 -16.031"><span class='ocrx_word' id='word_1_123' title='bbox 561 2189 677 2236; x_wconf 71' lang='lat'>⁶112</span> <span class='ocrx_word' id='word_1_124' title='bbox 697 2203 785 2251; x_wconf 82' lang='lat' dir='ltr'>quo</span> <span class='ocrx_word' id='word_1_125' title='bbox 805 2190 1250 2250; x_wconf 74' lang='lat' dir='ltr'>certaminejudices</span> <span class='ocrx_word' id='word_1_126' title='bbox 1267 2190 1434 2238; x_wconf 80' lang='lat' dir='ltr'>habere</span> <span class='ocrx_word' id='word_1_127' title='bbox 1453 2189 1787 2251; x_wconf 75' lang='lat' dir='ltr'>quadrupedes,</span> <span class='ocrx_word' id='word_1_128' title='bbox 1810 2205 1946 2250; x_wconf 80' lang='lat' dir='ltr'>quam</span> <span class='ocrx_word' id='word_1_129' title='bbox 1964 2189 2188 2251; x_wconf 72' lang='lat' dir='ltr'>homines,</span> <span class='ocrx_word' id='word_1_130' title='bbox 2211 2188 2397 2237; x_wconf 78' lang='lat' dir='ltr'>maluit.</span> 
     </span>
     <span class='ocr_line' id='line_1_20' title="bbox 562 2249 1858 2307; baseline 0 -6"><span class='ocrx_word' id='word_1_131' title='bbox 562 2249 589 2283; x_wconf 58' lang='grc' dir='ltr'><strong><em>θ</em></strong></span> <span class='ocrx_word' id='word_1_132' title='bbox 625 2252 754 2307; x_wconf 82' lang='lat' dir='ltr'>Quos</span> <span class='ocrx_word' id='word_1_133' title='bbox 774 2255 826 2302; x_wconf 78' lang='lat' dir='ltr'>in</span> <span class='ocrx_word' id='word_1_134' title='bbox 844 2254 1046 2303; x_wconf 80' lang='lat' dir='ltr'>medium</span> <span class='ocrx_word' id='word_1_135' title='bbox 1068 2260 1114 2304; x_wconf 91' lang='lat' dir='ltr'>et</span> <span class='ocrx_word' id='word_1_136' title='bbox 1137 2255 1285 2303; x_wconf 72' lang='lat' dir='ltr'>veluti</span> <span class='ocrx_word' id='word_1_137' title='bbox 1308 2255 1359 2302; x_wconf 73' lang='lat' dir='ltr'>in</span> <span class='ocrx_word' id='word_1_138' title='bbox 1375 2268 1561 2302; x_wconf 79' lang='lat' dir='ltr'>scenam</span> <span class='ocrx_word' id='word_1_139' title='bbox 1583 2253 1858 2302; x_wconf 79' lang='lat' dir='ltr'>induxerat.</span> 
     </span>
    </p>
   </div>
   <div class='ocr_carea' id='block_1_5' title="bbox 1420 2377 1780 2400">
    <p class='ocr_par' dir='ltr' id='par_1_6' title="bbox 1420 2377 1780 2400">
     <span class='ocr_line' id='line_1_21' title="bbox 1420 2377 1780 2400; baseline 0.003 -1"><span class='ocrx_word' id='word_1_140' title='bbox 1420 2377 1569 2400; x_wconf 53' lang='lat' dir='ltr'>Nm</span> <span class='ocrx_word' id='word_1_141' title='bbox 1571 2379 1780 2400; x_wconf 55' lang='lat' dir='ltr'>OOOOO</span> 
     </span>
    </p>
   </div>
   <div class='ocr_carea' id='block_1_6' title="bbox 495 2458 2703 2782">
    <p class='ocr_par' dir='ltr' id='par_1_7' title="bbox 495 2458 2701 2782">
     <span class='ocr_line' id='line_1_22' title="bbox 498 2458 2700 2523; baseline -0.001 -14"><span class='ocrx_word' id='word_1_142' title='bbox 498 2474 614 2509; x_wconf 88' lang='lat' dir='ltr'>cum</span> <span class='ocrx_word' id='word_1_143' title='bbox 640 2459 764 2509; x_wconf 80' lang='lat' dir='ltr'>nihil</span> <span class='ocrx_word' id='word_1_144' title='bbox 789 2462 893 2511; x_wconf 76' lang='lat' dir='ltr'>tale</span> <span class='ocrx_word' id='word_1_145' title='bbox 918 2463 1133 2511; x_wconf 80' lang='lat' dir='ltr'>innuant</span> <span class='ocrx_word' id='word_1_146' title='bbox 1156 2462 1329 2511; x_wconf 60' lang='lat' dir='ltr'>codd?</span> <span class='ocrx_word' id='word_1_147' title='bbox 1363 2463 1581 2511; x_wconf 83' lang='lat' dir='ltr'>Brotier.</span> <span class='ocrx_word' id='word_1_148' title='bbox 1584 2466 1714 2510; x_wconf 85' lang='lat'>—80</span> <span class='ocrx_word' id='word_1_149' title='bbox 1747 2462 1764 2491; x_wconf 76' lang='lat'>⁴</span> <span class='ocrx_word' id='word_1_150' title='bbox 1784 2462 1871 2511; x_wconf 87' lang='lat' dir='ltr'>Ita</span> <span class='ocrx_word' id='word_1_151' title='bbox 1893 2460 2049 2510; x_wconf 88' lang='lat' dir='ltr'>codd.</span> <span class='ocrx_word' id='word_1_152' title='bbox 2081 2462 2247 2523; x_wconf 78' lang='lat' dir='ltr'>Regg.</span> <span class='ocrx_word' id='word_1_153' title='bbox 2270 2467 2325 2509; x_wconf 93' lang='lat' dir='ltr'>et</span> <span class='ocrx_word' id='word_1_154' title='bbox 2344 2458 2524 2508; x_wconf 91' lang='lat' dir='ltr'>Editio</span> <span class='ocrx_word' id='word_1_155' title='bbox 2561 2459 2700 2523; x_wconf 88' lang='lat' dir='ltr'>prin-</span> 
     </span>
     <span class='ocr_line' id='line_1_23' title="bbox 500 2523 2701 2591; baseline -0.002 -17"><span class='ocrx_word' id='word_1_156' title='bbox 500 2523 659 2588; x_wconf 66' lang='lat' dir='ltr'>ceps!</span> <span class='ocrx_word' id='word_1_157' title='bbox 694 2526 907 2576; x_wconf 81' lang='lat' dir='ltr'>Brotier.</span> <span class='ocrx_word' id='word_1_158' title='bbox 965 2528 1017 2575; x_wconf 77' lang='lat' dir='ltr'>in</span> <span class='ocrx_word' id='word_1_159' title='bbox 1038 2527 1250 2591; x_wconf 78' lang='lat' dir='ltr'>utrisque</span> <span class='ocrx_word' id='word_1_160' title='bbox 1273 2528 1434 2576; x_wconf 80' lang='lat' dir='ltr'>excisa</span> <span class='ocrx_word' id='word_1_161' title='bbox 1456 2527 1577 2575; x_wconf 88' lang='lat' dir='ltr'>edd.</span> <span class='ocrx_word' id='word_1_162' title='bbox 1615 2533 1743 2574; x_wconf 84' lang='lat' dir='ltr'>vett.</span> <span class='ocrx_word' id='word_1_163' title='bbox 1777 2527 2013 2575; x_wconf 85' lang='lat' dir='ltr'>Gronov.</span> <span class='ocrx_word' id='word_1_164' title='bbox 2046 2525 2306 2574; x_wconf 82' lang='lat' dir='ltr'>Hardnin.</span> <span class='ocrx_word' id='word_1_165' title='bbox 2334 2529 2381 2572; x_wconf 86' lang='lat'>1.</span> <span class='ocrx_word' id='word_1_166' title='bbox 2405 2528 2455 2572; x_wconf 83' lang='lat'>2.</span> <span class='ocrx_word' id='word_1_167' title='bbox 2474 2528 2523 2571; x_wconf 75' lang='lat'>3.</span> <span class='ocrx_word' id='word_1_168' title='bbox 2546 2531 2603 2572; x_wconf 91' lang='lat' dir='ltr'>et</span> <span class='ocrx_word' id='word_1_169' title='bbox 2626 2538 2701 2570; x_wconf 88' lang='lat' dir='ltr'>re·</span> 
     </span>
     <span class='ocr_line' id='line_1_24' title="bbox 497 2588 2700 2652; baseline -0 -16"><span class='ocrx_word' id='word_1_170' title='bbox 497 2596 665 2638; x_wconf 81' lang='lat' dir='ltr'>centt.</span> <span class='ocrx_word' id='word_1_171' title='bbox 733 2591 877 2650; x_wconf 84' lang='lat' dir='ltr'>Mox,</span> <span class='ocrx_word' id='word_1_172' title='bbox 895 2591 1017 2640; x_wconf 83' lang='lat' dir='ltr'>cod.</span> <span class='ocrx_word' id='word_1_173' title='bbox 1058 2592 1244 2640; x_wconf 81' lang='lat' dir='ltr'>Dalec.</span> <span class='ocrx_word' id='word_1_174' title='bbox 1281 2592 1518 2652; x_wconf 79' lang='lat' dir='ltr'>imagines</span> <span class='ocrx_word' id='word_1_175' title='bbox 1538 2591 1715 2640; x_wconf 81' lang='lat' dir='ltr'>videre.</span> <span class='ocrx_word' id='word_1_176' title='bbox 1720 2594 1846 2639; x_wconf 83' lang='lat'>—81</span> <span class='ocrx_word' id='word_1_177' title='bbox 1884 2592 1982 2639; x_wconf 82' lang='lat' dir='ltr'>Ms.</span> <span class='ocrx_word' id='word_1_178' title='bbox 2005 2595 2056 2638; x_wconf 88' lang='lat' dir='ltr'>et</span> <span class='ocrx_word' id='word_1_179' title='bbox 2082 2590 2219 2638; x_wconf 85' lang='lat' dir='ltr'>Hero</span> <span class='ocrx_word' id='word_1_180' title='bbox 2241 2594 2288 2638; x_wconf 90' lang='lat' dir='ltr'>et</span> <span class='ocrx_word' id='word_1_181' title='bbox 2312 2588 2605 2651; x_wconf 65' lang='lat' dir='ltr'>Mandrum,</span> <span class='ocrx_word' id='word_1_182' title='bbox 2638 2589 2700 2635; x_wconf 83' lang='grc' dir='ltr'>«ιά</span> 
     </span>
     <span class='ocr_line' id='line_1_25' title="bbox 495 2653 2701 2718; baseline -0 -17"><span class='ocrx_word' id='word_1_183' title='bbox 495 2668 638 2715; x_wconf 72' lang='lat' dir='ltr'>quam</span> <span class='ocrx_word' id='word_1_184' title='bbox 669 2653 908 2715; x_wconf 77' lang='lat' dir='ltr'>picturam</span> <span class='ocrx_word' id='word_1_185' title='bbox 941 2659 1116 2704; x_wconf 77' lang='lat' dir='ltr'>natura</span> <span class='ocrx_word' id='word_1_186' title='bbox 1150 2671 1270 2704; x_wconf 77' lang='lat' dir='ltr'>eum.</span> <span class='ocrx_word' id='word_1_187' title='bbox 1340 2657 1516 2716; x_wconf 79' lang='lat' dir='ltr'>Lego.</span> <span class='ocrx_word' id='word_1_188' title='bbox 1570 2655 1861 2718; x_wconf 64' lang='lat' dir='ltr'>Mandrum,</span> <span class='ocrx_word' id='word_1_189' title='bbox 1902 2669 1993 2717; x_wconf 78' lang='lat' dir='ltr'>qua</span> <span class='ocrx_word' id='word_1_190' title='bbox 2024 2655 2213 2716; x_wconf 77' lang='lat' dir='ltr'>pictura</span> <span class='ocrx_word' id='word_1_191' title='bbox 2246 2659 2468 2702; x_wconf 78' lang='lat' dir='ltr'>naturam</span> <span class='ocrx_word' id='word_1_192' title='bbox 2505 2653 2568 2701; x_wconf 89' lang='lat' dir='ltr'>is.</span> <span class='ocrx_word' id='word_1_193' title='bbox 2574 2657 2701 2701; x_wconf 77' lang='lat'>-82</span> 
     </span>
     <span class='ocr_line' id='line_1_26' title="bbox 496 2716 2703 2782; baseline -0 -17"><span class='ocrx_word' id='word_1_194' title='bbox 496 2717 622 2767; x_wconf 86' lang='lat' dir='ltr'>Vet.</span> <span class='ocrx_word' id='word_1_195' title='bbox 645 2717 830 2768; x_wconf 75' lang='lat' dir='ltr'>Dslec.</span> <span class='ocrx_word' id='word_1_196' title='bbox 862 2719 987 2768; x_wconf 60' lang='lat' dir='ltr'>sien</span> <span class='ocrx_word' id='word_1_197' title='bbox 1008 2716 1132 2778; x_wconf 72' lang='lat' dir='ltr'>suit.</span> <span class='ocrx_word' id='word_1_198' title='bbox 1134 2723 1262 2768; x_wconf 76' lang='lat'>-83</span> <span class='ocrx_word' id='word_1_199' title='bbox 1300 2717 1470 2769; x_wconf 79' lang='lat' dir='ltr'>chiffl.</span> <span class='ocrx_word' id='word_1_200' title='bbox 1495 2733 1677 2782; x_wconf 82' lang='lat' dir='ltr'>semper</span> <span class='ocrx_word' id='word_1_201' title='bbox 1696 2722 1838 2769; x_wconf 75' lang='lat' dir='ltr'>unius</span> <span class='ocrx_word' id='word_1_202' title='bbox 1860 2719 2234 2782; x_wconf 75' lang='lat' dir='ltr'>experimentum</span> <span class='ocrx_word' id='word_1_203' title='bbox 2251 2717 2376 2767; x_wconf 77' lang='lat' dir='ltr'>artis</span> <span class='ocrx_word' id='word_1_204' title='bbox 2405 2717 2527 2766; x_wconf 71' lang='lat' dir='ltr'>illud</span> <span class='ocrx_word' id='word_1_205' title='bbox 2548 2722 2703 2765; x_wconf 58' lang='lat' dir='ltr'>ostem</span> 
     </span>
    </p>
   </div>
   <div class='ocr_carea' id='block_1_7' title="bbox 1487 2848 1709 2898">
    <p class='ocr_par' dir='ltr' id='par_1_8' title="bbox 1487 2848 1709 2898">
     <span class='ocr_line' id='line_1_27' title="bbox 1487 2848 1709 2898; baseline -0.005 0"><span class='ocrx_word' id='word_1_206' title='bbox 1487 2848 1709 2898; x_wconf 81' lang='lat' dir='ltr'>NOTAE</span> 
     </span>
    </p>
   </div>
   <div class='ocr_carea' id='block_1_8' title="bbox 492 2934 1561 4296">
    <p class='ocr_par' dir='ltr' id='par_1_9' title="bbox 492 2934 1561 3748">
     <span class='ocr_line' id='line_1_28' title="bbox 562 2934 1560 3010; baseline 0.004 -20"><span class='ocrx_word' id='word_1_207' title='bbox 562 2942 576 2976; x_wconf 85' lang='lat'><em>¹</em></span> <span class='ocrx_word' id='word_1_208' title='bbox 610 2944 677 2991; x_wconf 87' lang='lat' dir='ltr'>Et</span> <span class='ocrx_word' id='word_1_209' title='bbox 699 2945 751 2992; x_wconf 74' lang='lat' dir='ltr'>in</span> <span class='ocrx_word' id='word_1_210' title='bbox 771 2934 995 2994; x_wconf 63' lang='lat' dir='ltr'>Antonine</span> <span class='ocrx_word' id='word_1_211' title='bbox 1013 2946 1209 3010; x_wconf 85' lang='lat' dir='ltr'>templo]</span> <span class='ocrx_word' id='word_1_212' title='bbox 1246 2944 1410 3008; x_wconf 85' lang='lat' dir='ltr'>Cujus</span> <span class='ocrx_word' id='word_1_213' title='bbox 1432 2944 1560 2995; x_wconf 87' lang='lat' dir='ltr'>illud</span> 
     </span>
     <span class='ocr_line' id='line_1_29' title="bbox 495 3016 1561 3088; baseline 0.005 -21"><span class='ocrx_word' id='word_1_214' title='bbox 495 3016 741 3068; x_wconf 62' lang='lat' dir='ltr'>Antonia»,</span> <span class='ocrx_word' id='word_1_215' title='bbox 782 3018 960 3077; x_wconf 80' lang='lat' dir='ltr'>fuerit,</span> <span class='ocrx_word' id='word_1_216' title='bbox 1001 3022 1231 3085; x_wconf 83' lang='lat' dir='ltr'>majoris,</span> <span class='ocrx_word' id='word_1_217' title='bbox 1267 3022 1561 3088; x_wconf 82' lang='lat' dir='ltr'>minorisve,</span> 
     </span>
     <span class='ocr_line' id='line_1_30' title="bbox 495 3096 1558 3159; baseline 0.005 -16"><span class='ocrx_word' id='word_1_218' title='bbox 495 3109 661 3158; x_wconf 82' lang='lat' dir='ltr'>quove</span> <span class='ocrx_word' id='word_1_219' title='bbox 684 3096 841 3145; x_wconf 82' lang='lat' dir='ltr'>Urbis</span> <span class='ocrx_word' id='word_1_220' title='bbox 863 3097 966 3144; x_wconf 85' lang='lat' dir='ltr'>situ</span> <span class='ocrx_word' id='word_1_221' title='bbox 1001 3097 1263 3147; x_wconf 84' lang='lat' dir='ltr'>conditum</span> <span class='ocrx_word' id='word_1_222' title='bbox 1284 3096 1460 3159; x_wconf 86' lang='lat' dir='ltr'>fuerit,</span> <span class='ocrx_word' id='word_1_223' title='bbox 1482 3099 1558 3148; x_wconf 90' lang='lat' dir='ltr'>in·</span> 
     </span>
     <span class='ocr_line' id='line_1_31' title="bbox 495 3171 1556 3236; baseline -0.002 -15"><span class='ocrx_word' id='word_1_224' title='bbox 495 3179 840 3233; x_wconf 82' lang='lat' dir='ltr'>compertum.</span> <span class='ocrx_word' id='word_1_225' title='bbox 906 3172 1146 3236; x_wconf 85' lang='lat' dir='ltr'>Utraque</span> <span class='ocrx_word' id='word_1_226' title='bbox 1192 3171 1404 3222; x_wconf 83' lang='lat' dir='ltr'>Antonii</span> <span class='ocrx_word' id='word_1_227' title='bbox 1449 3174 1556 3222; x_wconf 87' lang='lat' dir='ltr'>Tri.</span> 
     </span>
     <span class='ocr_line' id='line_1_32' title="bbox 495 3245 1557 3311; baseline 0.007 -18"><span class='ocrx_word' id='word_1_228' title='bbox 495 3245 683 3303; x_wconf 82' lang='lat' dir='ltr'>umviri</span> <span class='ocrx_word' id='word_1_229' title='bbox 734 3245 872 3296; x_wconf 85' lang='lat' dir='ltr'>filia:</span> <span class='ocrx_word' id='word_1_230' title='bbox 929 3248 1095 3311; x_wconf 83' lang='lat' dir='ltr'>major</span> <span class='ocrx_word' id='word_1_231' title='bbox 1147 3247 1446 3298; x_wconf 86' lang='lat' dir='ltr'>Germanici</span> <span class='ocrx_word' id='word_1_232' title='bbox 1498 3256 1557 3300; x_wconf 88' lang='lat' dir='ltr'>et</span> 
     </span>
     <span class='ocr_line' id='line_1_33' title="bbox 497 3320 1556 3386; baseline 0.004 -16"><span class='ocrx_word' id='word_1_233' title='bbox 497 3320 704 3370; x_wconf 85' lang='lat' dir='ltr'>Claudii</span> <span class='ocrx_word' id='word_1_234' title='bbox 758 3322 978 3370; x_wconf 84' lang='lat' dir='ltr'>Caesaris</span> <span class='ocrx_word' id='word_1_235' title='bbox 1050 3337 1258 3386; x_wconf 84' lang='lat' dir='ltr'>parens,</span> <span class='ocrx_word' id='word_1_236' title='bbox 1328 3324 1556 3374; x_wconf 86' lang='lat' dir='ltr'>Neronis</span> 
     </span>
     <span class='ocr_line' id='line_1_34' title="bbox 495 3396 1555 3449; baseline 0.005 -5"><span class='ocrx_word' id='word_1_237' title='bbox 495 3396 713 3444; x_wconf 75' lang='lat' dir='ltr'>avia.—‘</span> <span class='ocrx_word' id='word_1_238' title='bbox 736 3397 858 3447; x_wconf 87' lang='lat' dir='ltr'>Fuit</span> <span class='ocrx_word' id='word_1_239' title='bbox 895 3398 985 3447; x_wconf 82' lang='lat' dir='ltr'>illa</span> <span class='ocrx_word' id='word_1_240' title='bbox 1017 3397 1237 3447; x_wconf 88' lang='lat' dir='ltr'>Antonii</span> <span class='ocrx_word' id='word_1_241' title='bbox 1277 3400 1555 3449; x_wconf 83' lang='lat' dir='ltr'>Triumviri</span> 
     </span>
     <span class='ocr_line' id='line_1_35' title="bbox 493 3469 1556 3536; baseline 0.005 -18"><span class='ocrx_word' id='word_1_242' title='bbox 493 3469 631 3530; x_wconf 85' lang='lat' dir='ltr'>filia;</span> <span class='ocrx_word' id='word_1_243' title='bbox 667 3485 732 3519; x_wconf 83' lang='lat' dir='ltr'>ex</span> <span class='ocrx_word' id='word_1_244' title='bbox 754 3486 931 3522; x_wconf 86' lang='lat' dir='ltr'>sorore</span> <span class='ocrx_word' id='word_1_245' title='bbox 955 3471 1194 3536; x_wconf 78' lang='lat' dir='ltr'>Augusti,</span> <span class='ocrx_word' id='word_1_246' title='bbox 1218 3473 1422 3523; x_wconf 84' lang='lat' dir='ltr'>Claudii</span> <span class='ocrx_word' id='word_1_247' title='bbox 1442 3475 1556 3526; x_wconf 77' lang='lat' dir='ltr'>Cae·</span> 
     </span>
     <span class='ocr_line' id='line_1_36' title="bbox 495 3545 1555 3613; baseline 0.006 -19"><span class='ocrx_word' id='word_1_248' title='bbox 495 3546 624 3595; x_wconf 78' lang='lat' dir='ltr'>saris</span> <span class='ocrx_word' id='word_1_249' title='bbox 663 3545 798 3611; x_wconf 81' lang='lat' dir='ltr'>Aug.</span> <span class='ocrx_word' id='word_1_250' title='bbox 837 3563 1048 3612; x_wconf 84' lang='lat' dir='ltr'>parens:</span> <span class='ocrx_word' id='word_1_251' title='bbox 1096 3551 1146 3599; x_wconf 90' lang='lat' dir='ltr'>in</span> <span class='ocrx_word' id='word_1_252' title='bbox 1186 3552 1423 3613; x_wconf 84' lang='lat' dir='ltr'>nummis,</span> <span class='ocrx_word' id='word_1_253' title='bbox 1453 3565 1555 3600; x_wconf 68' lang='lat' dir='ltr'>Ais·</span> 
     </span>
     <span class='ocr_line' id='line_1_37' title="bbox 492 3626 1555 3687; baseline 0.01 -19"><span class='ocrx_word' id='word_1_254' title='bbox 492 3632 673 3681; x_wconf 59' lang='lat' dir='ltr'>&#39;roms</span> <span class='ocrx_word' id='word_1_255' title='bbox 695 3637 760 3672; x_wconf 81' lang='lat' dir='ltr'>ex</span> <span class='ocrx_word' id='word_1_256' title='bbox 785 3632 956 3687; x_wconf 82' lang='lat' dir='ltr'>patre,</span> <span class='ocrx_word' id='word_1_257' title='bbox 988 3638 1242 3676; x_wconf 66' lang='lat' dir='ltr'>AvcvsTA</span> <span class='ocrx_word' id='word_1_258' title='bbox 1265 3641 1328 3676; x_wconf 84' lang='lat' dir='ltr'>ex</span> <span class='ocrx_word' id='word_1_259' title='bbox 1353 3626 1555 3679; x_wconf 68' lang='lat' dir='ltr'>matre!</span> 
     </span>
     <span class='ocr_line' id='line_1_38' title="bbox 500 3697 709 3748; baseline 0.019 -5"><span class='ocrx_word' id='word_1_260' title='bbox 500 3697 594 3747; x_wconf 83' lang='lat' dir='ltr'>Ed.</span> <span class='ocrx_word' id='word_1_261' title='bbox 617 3712 709 3748; x_wconf 80' lang='lat' dir='ltr'>sec.</span> 
     </span>
    </p>

    <p class='ocr_par' dir='ltr' id='par_1_10' title="bbox 493 3773 1554 3986">
     <span class='ocr_line' id='line_1_39' title="bbox 558 3773 1553 3843; baseline 0.005 -21"><span class='ocrx_word' id='word_1_262' title='bbox 558 3780 596 3806; x_wconf 77' lang='lat'>¹¹²</span> <span class='ocrx_word' id='word_1_263' title='bbox 629 3773 824 3824; x_wconf 81' lang='lat' dir='ltr'>Faciem</span> <span class='ocrx_word' id='word_1_264' title='bbox 850 3773 950 3835; x_wconf 75' lang='lat' dir='ltr'>ejus</span> <span class='ocrx_word' id='word_1_265' title='bbox 986 3777 1228 3839; x_wconf 76' lang='lat' dir='ltr'>ostendat]</span> <span class='ocrx_word' id='word_1_266' title='bbox 1273 3777 1412 3826; x_wconf 85' lang='lat' dir='ltr'>Vide</span> <span class='ocrx_word' id='word_1_267' title='bbox 1437 3792 1553 3843; x_wconf 79' lang='lat' dir='ltr'>qnae</span> 
     </span>
     <span class='ocr_line' id='line_1_40' title="bbox 494 3847 1554 3918; baseline 0.008 -22"><span class='ocrx_word' id='word_1_268' title='bbox 494 3847 636 3898; x_wconf 82' lang='lat' dir='ltr'>dicta</span> <span class='ocrx_word' id='word_1_269' title='bbox 670 3858 788 3901; x_wconf 81' lang='lat' dir='ltr'>sunt</span> <span class='ocrx_word' id='word_1_270' title='bbox 823 3850 890 3898; x_wconf 76' lang='lat' dir='ltr'>ad</span> <span class='ocrx_word' id='word_1_271' title='bbox 925 3850 1129 3902; x_wconf 87' lang='lat' dir='ltr'>initium</span> <span class='ocrx_word' id='word_1_272' title='bbox 1161 3853 1272 3903; x_wconf 88' lang='lat' dir='ltr'>fere</span> <span class='ocrx_word' id='word_1_273' title='bbox 1294 3854 1444 3918; x_wconf 85' lang='lat' dir='ltr'>hujus</span> <span class='ocrx_word' id='word_1_274' title='bbox 1468 3868 1554 3904; x_wconf 87' lang='lat' dir='ltr'>ca·</span> 
     </span>
     <span class='ocr_line' id='line_1_41' title="bbox 493 3924 632 3986; baseline -0.014 -16"><span class='ocrx_word' id='word_1_275' title='bbox 493 3924 632 3986; x_wconf 86' lang='lat' dir='ltr'>pitis.</span> 
     </span>
    </p>

    <p class='ocr_par' dir='ltr' id='par_1_11' title="bbox 493 3998 1556 4296">
     <span class='ocr_line' id='line_1_42' title="bbox 560 3998 1552 4066; baseline 0.009 -21"><span class='ocrx_word' id='word_1_276' title='bbox 560 4005 585 4030; x_wconf 85' lang='lat'>¹¹</span> <span class='ocrx_word' id='word_1_277' title='bbox 621 3998 797 4048; x_wconf 82' lang='lat' dir='ltr'>Pinxit</span> <span class='ocrx_word' id='word_1_278' title='bbox 830 4003 878 4049; x_wconf 78' lang='lat' dir='ltr'>et</span> <span class='ocrx_word' id='word_1_279' title='bbox 898 4000 1038 4051; x_wconf 77' lang='lat' dir='ltr'>heroa</span> <span class='ocrx_word' id='word_1_280' title='bbox 1057 4002 1259 4066; x_wconf 73' lang='lat' dir='ltr'>nudum]</span> <span class='ocrx_word' id='word_1_281' title='bbox 1291 4003 1375 4052; x_wconf 87' lang='lat' dir='ltr'>Sic</span> <span class='ocrx_word' id='word_1_282' title='bbox 1396 4004 1552 4054; x_wconf 81' lang='lat' dir='ltr'>etiam</span> 
     </span>
     <span class='ocr_line' id='line_1_43' title="bbox 496 4070 1556 4140; baseline 0.008 -18"><span class='ocrx_word' id='word_1_283' title='bbox 496 4072 627 4133; x_wconf 81' lang='lat' dir='ltr'>Reg.</span> <span class='ocrx_word' id='word_1_284' title='bbox 652 4077 702 4122; x_wconf 90' lang='grc'>2.</span> <span class='ocrx_word' id='word_1_285' title='bbox 738 4074 1138 4139; x_wconf 82' lang='lat' dir='ltr'>Suspicabamur</span> <span class='ocrx_word' id='word_1_286' title='bbox 1152 4070 1289 4140; x_wconf 86' lang='lat' dir='ltr'>olim,</span> <span class='ocrx_word' id='word_1_287' title='bbox 1307 4081 1483 4130; x_wconf 78' lang='lat' dir='ltr'>Pinxit</span> <span class='ocrx_word' id='word_1_288' title='bbox 1505 4087 1556 4130; x_wconf 51' lang='lat' dir='ltr'>et¹</span> 
     </span>
     <span class='ocr_line' id='line_1_44' title="bbox 494 4148 1554 4217; baseline 0.01 -21"><span class='ocrx_word' id='word_1_289' title='bbox 494 4148 694 4198; x_wconf 72' lang='lat' dir='ltr'>Hermia</span> <span class='ocrx_word' id='word_1_290' title='bbox 716 4152 884 4201; x_wconf 76' lang='lat' dir='ltr'>nudam</span> <span class='ocrx_word' id='word_1_291' title='bbox 903 4169 920 4200; x_wconf 75' lang='lat'>.-</span> <span class='ocrx_word' id='word_1_292' title='bbox 953 4154 1089 4217; x_wconf 89' lang='lat' dir='ltr'>quod</span> <span class='ocrx_word' id='word_1_293' title='bbox 1118 4154 1427 4212; x_wconf 70' lang='lat' dir='ltr'>Heronisad</span> <span class='ocrx_word' id='word_1_294' title='bbox 1456 4158 1554 4206; x_wconf 87' lang='lat' dir='ltr'>Le-</span> 
     </span>
     <span class='ocr_line' id='line_1_45' title="bbox 493 4225 1552 4296; baseline 0.01 -22"><span class='ocrx_word' id='word_1_295' title='bbox 493 4225 729 4291; x_wconf 80' lang='lat' dir='ltr'>andrnm,</span> <span class='ocrx_word' id='word_1_296' title='bbox 768 4228 1094 4296; x_wconf 74' lang='lat' dir='ltr'>vicissimque</span> <span class='ocrx_word' id='word_1_297' title='bbox 1132 4232 1282 4295; x_wconf 83' lang='lat' dir='ltr'>hujus</span> <span class='ocrx_word' id='word_1_298' title='bbox 1313 4235 1380 4283; x_wconf 77' lang='lat' dir='ltr'>sd</span> <span class='ocrx_word' id='word_1_299' title='bbox 1412 4235 1552 4285; x_wconf 79' lang='lat' dir='ltr'>illam</span> 
     </span>
    </p>
   </div>
   <div class='ocr_carea' id='block_1_9' title="bbox 1633 2939 2703 4299">
    <p class='ocr_par' dir='ltr' id='par_1_12' title="bbox 1638 2939 2703 3392">
     <span class='ocr_line' id='line_1_46' title="bbox 1639 2939 2703 3005; baseline -0.004 -10"><span class='ocrx_word' id='word_1_300' title='bbox 1639 2946 1806 2995; x_wconf 83' lang='lat' dir='ltr'>literae</span> <span class='ocrx_word' id='word_1_301' title='bbox 1831 2945 1968 2995; x_wconf 85' lang='lat' dir='ltr'>inter</span> <span class='ocrx_word' id='word_1_302' title='bbox 1993 2942 2281 2994; x_wconf 72' lang='lat' dir='ltr'>Her-nidum</span> <span class='ocrx_word' id='word_1_303' title='bbox 2307 2941 2574 3005; x_wconf 79' lang='lat' dir='ltr'>Epistulas</span> <span class='ocrx_word' id='word_1_304' title='bbox 2596 2939 2703 2991; x_wconf 88' lang='lat' dir='ltr'>sint</span> 
     </span>
     <span class='ocr_line' id='line_1_47' title="bbox 1640 3016 2702 3084; baseline -0.007 -14"><span class='ocrx_word' id='word_1_305' title='bbox 1640 3021 1777 3084; x_wconf 83' lang='lat' dir='ltr'>apud</span> <span class='ocrx_word' id='word_1_306' title='bbox 1807 3022 2082 3071; x_wconf 78' lang='lat' dir='ltr'>Nasonem.</span> <span class='ocrx_word' id='word_1_307' title='bbox 2126 3021 2231 3070; x_wconf 88' lang='lat' dir='ltr'>Sed</span> <span class='ocrx_word' id='word_1_308' title='bbox 2253 3033 2350 3068; x_wconf 87' lang='lat' dir='ltr'>nec</span> <span class='ocrx_word' id='word_1_309' title='bbox 2376 3031 2474 3065; x_wconf 84' lang='lat' dir='ltr'>vox</span> <span class='ocrx_word' id='word_1_310' title='bbox 2501 3016 2702 3065; x_wconf 75' lang='lat' dir='ltr'>Herm</span> 
     </span>
     <span class='ocr_line' id='line_1_48' title="bbox 1640 3095 2701 3161; baseline -0.003 -16"><span class='ocrx_word' id='word_1_311' title='bbox 1640 3098 1754 3160; x_wconf 81' lang='lat' dir='ltr'>ipsa</span> <span class='ocrx_word' id='word_1_312' title='bbox 1778 3112 1870 3159; x_wconf 86' lang='lat' dir='ltr'>per</span> <span class='ocrx_word' id='word_1_313' title='bbox 1890 3111 1945 3146; x_wconf 81' lang='lat' dir='ltr'>se</span> <span class='ocrx_word' id='word_1_314' title='bbox 1966 3098 2159 3161; x_wconf 78' lang='lat' dir='ltr'>placet,</span> <span class='ocrx_word' id='word_1_315' title='bbox 2182 3102 2237 3145; x_wconf 84' lang='lat' dir='ltr'>et</span> <span class='ocrx_word' id='word_1_316' title='bbox 2254 3095 2455 3144; x_wconf 83' lang='lat' dir='ltr'>Plinius</span> <span class='ocrx_word' id='word_1_317' title='bbox 2478 3095 2594 3154; x_wconf 86' lang='lat' dir='ltr'>ipse</span> <span class='ocrx_word' id='word_1_318' title='bbox 2619 3108 2701 3142; x_wconf 86' lang='lat' dir='ltr'>su·</span> 
     </span>
     <span class='ocr_line' id='line_1_49' title="bbox 1643 3170 2703 3237; baseline -0.005 -14"><span class='ocrx_word' id='word_1_319' title='bbox 1643 3189 1735 3237; x_wconf 79' lang='lat' dir='ltr'>pra</span> <span class='ocrx_word' id='word_1_320' title='bbox 1765 3175 2004 3224; x_wconf 79' lang='lat' dir='ltr'>similiter</span> <span class='ocrx_word' id='word_1_321' title='bbox 2038 3173 2104 3222; x_wconf 92' lang='lat' dir='ltr'>de</span> <span class='ocrx_word' id='word_1_322' title='bbox 2137 3172 2445 3221; x_wconf 80' lang='lat' dir='ltr'>Timanthe:</span> <span class='ocrx_word' id='word_1_323' title='bbox 2483 3170 2703 3219; x_wconf 78' lang='lat' dir='ltr'>‘Pinxit</span> 
     </span>
     <span class='ocr_line' id='line_1_50' title="bbox 1638 3247 2700 3311; baseline -0.005 -11"><span class='ocrx_word' id='word_1_324' title='bbox 1638 3259 1694 3300; x_wconf 90' lang='lat' dir='ltr'>et</span> <span class='ocrx_word' id='word_1_325' title='bbox 1718 3250 1898 3300; x_wconf 84' lang='lat' dir='ltr'>Heroa</span> <span class='ocrx_word' id='word_1_326' title='bbox 1920 3248 2283 3300; x_wconf 79' lang='lat' dir='ltr'>absolutissimi</span> <span class='ocrx_word' id='word_1_327' title='bbox 2316 3247 2511 3311; x_wconf 86' lang='lat' dir='ltr'>operis,</span> <span class='ocrx_word' id='word_1_328' title='bbox 2534 3253 2700 3296; x_wconf 81' lang='lat' dir='ltr'>artem</span> 
     </span>
     <span class='ocr_line' id='line_1_51' title="bbox 1639 3321 2605 3392; baseline -0.009 -15"><span class='ocrx_word' id='word_1_329' title='bbox 1639 3328 1801 3392; x_wconf 83' lang='lat' dir='ltr'>ipsam</span> <span class='ocrx_word' id='word_1_330' title='bbox 1826 3328 2128 3390; x_wconf 70' lang='lat' dir='ltr'>complexus</span> <span class='ocrx_word' id='word_1_331' title='bbox 2153 3325 2289 3374; x_wconf 83' lang='lat' dir='ltr'>viros</span> <span class='ocrx_word' id='word_1_332' title='bbox 2314 3321 2605 3386; x_wconf 78' lang='lat' dir='ltr'>pingendi-⁹</span> 
     </span>
    </p>

    <p class='ocr_par' dir='ltr' id='par_1_13' title="bbox 1635 3396 2703 3678">
     <span class='ocr_line' id='line_1_52' title="bbox 1699 3396 2702 3464; baseline -0.007 -13"><span class='ocrx_word' id='word_1_333' title='bbox 1699 3410 1724 3435; x_wconf 85' lang='lat'>⁰</span> <span class='ocrx_word' id='word_1_334' title='bbox 1743 3402 1929 3464; x_wconf 77' lang='lat' dir='ltr'>Apellis</span> <span class='ocrx_word' id='word_1_335' title='bbox 1939 3406 2126 3451; x_wconf 72' lang='lat' dir='ltr'>tantum</span> <span class='ocrx_word' id='word_1_336' title='bbox 2139 3396 2281 3464; x_wconf 72' lang='lat' dir='ltr'>equo]</span> <span class='ocrx_word' id='word_1_337' title='bbox 2297 3398 2543 3447; x_wconf 83' lang='lat' dir='ltr'>Valerius</span> <span class='ocrx_word' id='word_1_338' title='bbox 2557 3397 2702 3447; x_wconf 78' lang='lat' dir='ltr'>Max.</span> 
     </span>
     <span class='ocr_line' id='line_1_53' title="bbox 1637 3474 2703 3541; baseline -0.002 -14"><span class='ocrx_word' id='word_1_339' title='bbox 1637 3492 1762 3528; x_wconf 79' lang='lat' dir='ltr'>vni.</span> <span class='ocrx_word' id='word_1_340' title='bbox 1781 3484 1859 3529; x_wconf 87' lang='lat' dir='ltr'>ll.</span> <span class='ocrx_word' id='word_1_341' title='bbox 1875 3493 1929 3541; x_wconf 85' lang='lat' dir='ltr'>p.</span> <span class='ocrx_word' id='word_1_342' title='bbox 1950 3482 2068 3527; x_wconf 76' lang='lat'>400.</span> <span class='ocrx_word' id='word_1_343' title='bbox 2089 3476 2105 3504; x_wconf 88' lang='lat'>‘</span> <span class='ocrx_word' id='word_1_344' title='bbox 2123 3477 2241 3528; x_wconf 85' lang='lat' dir='ltr'>Quo</span> <span class='ocrx_word' id='word_1_345' title='bbox 2253 3474 2604 3524; x_wconf 80' lang='lat' dir='ltr'>excusabilior</span> <span class='ocrx_word' id='word_1_346' title='bbox 2619 3482 2703 3525; x_wconf 82' lang='lat' dir='ltr'>est</span> 
     </span>
     <span class='ocr_line' id='line_1_54' title="bbox 1637 3549 2697 3616; baseline -0.003 -15"><span class='ocrx_word' id='word_1_347' title='bbox 1637 3565 1781 3603; x_wconf 90' lang='lat' dir='ltr'>error</span> <span class='ocrx_word' id='word_1_348' title='bbox 1823 3553 1963 3616; x_wconf 88' lang='lat' dir='ltr'>equi,</span> <span class='ocrx_word' id='word_1_349' title='bbox 2010 3553 2097 3616; x_wconf 87' lang='lat' dir='ltr'>qui</span> <span class='ocrx_word' id='word_1_350' title='bbox 2139 3552 2251 3600; x_wconf 83' lang='lat' dir='ltr'>visa</span> <span class='ocrx_word' id='word_1_351' title='bbox 2294 3549 2504 3612; x_wconf 80' lang='lat' dir='ltr'>pictura</span> <span class='ocrx_word' id='word_1_352' title='bbox 2549 3562 2697 3613; x_wconf 69' lang='lat' dir='ltr'>equas</span> 
     </span>
     <span class='ocr_line' id='line_1_55' title="bbox 1635 3623 2439 3678; baseline -0.005 -1"><span class='ocrx_word' id='word_1_353' title='bbox 1635 3628 1892 3678; x_wconf 84' lang='lat' dir='ltr'>hinnitum</span> <span class='ocrx_word' id='word_1_354' title='bbox 1916 3627 2077 3677; x_wconf 89' lang='lat' dir='ltr'>edere</span> <span class='ocrx_word' id='word_1_355' title='bbox 2094 3634 2302 3676; x_wconf 73' lang='lat' dir='ltr'>coactus</span> <span class='ocrx_word' id='word_1_356' title='bbox 2323 3623 2439 3675; x_wconf 84' lang='lat' dir='ltr'>est·&#39;</span> 
     </span>
    </p>

    <p class='ocr_par' dir='ltr' id='par_1_14' title="bbox 1633 3700 2703 4299">
     <span class='ocr_line' id='line_1_56' title="bbox 1699 3700 2703 3766; baseline -0.004 -13"><span class='ocrx_word' id='word_1_357' title='bbox 1699 3711 1726 3744; x_wconf 79' lang='grc' dir='ltr'><strong>Ρ</strong></span> <span class='ocrx_word' id='word_1_358' title='bbox 1762 3704 1900 3754; x_wconf 77' lang='lat' dir='ltr'>Fecit</span> <span class='ocrx_word' id='word_1_359' title='bbox 1918 3708 1967 3752; x_wconf 86' lang='lat' dir='ltr'>et</span> <span class='ocrx_word' id='word_1_360' title='bbox 2004 3700 2380 3766; x_wconf 75' lang='lat' dir='ltr'>Neoptolemum]</span> <span class='ocrx_word' id='word_1_361' title='bbox 2412 3700 2703 3750; x_wconf 77' lang='lat' dir='ltr'>Alexandri</span> 
     </span>
     <span class='ocr_line' id='line_1_57' title="bbox 1636 3778 2701 3840; baseline -0.003 -11"><span class='ocrx_word' id='word_1_362' title='bbox 1636 3780 1853 3840; x_wconf 78' lang='lat' dir='ltr'>socium,</span> <span class='ocrx_word' id='word_1_363' title='bbox 1892 3780 1958 3828; x_wconf 86' lang='lat' dir='ltr'>ab</span> <span class='ocrx_word' id='word_1_364' title='bbox 2001 3781 2232 3829; x_wconf 80' lang='lat' dir='ltr'>Eumene</span> <span class='ocrx_word' id='word_1_365' title='bbox 2272 3779 2519 3827; x_wconf 79' lang='lat' dir='ltr'>occisum.</span> <span class='ocrx_word' id='word_1_366' title='bbox 2576 3778 2701 3826; x_wconf 86' lang='lat' dir='ltr'>Plu·</span> 
     </span>
     <span class='ocr_line' id='line_1_58' title="bbox 1637 3853 2702 3916; baseline -0.003 -12"><span class='ocrx_word' id='word_1_367' title='bbox 1637 3855 1867 3916; x_wconf 80' lang='lat' dir='ltr'>tarchus,</span> <span class='ocrx_word' id='word_1_368' title='bbox 1886 3854 1938 3903; x_wconf 87' lang='lat' dir='ltr'>in</span> <span class='ocrx_word' id='word_1_369' title='bbox 1974 3855 2228 3916; x_wconf 88' lang='lat' dir='ltr'>Eumene,</span> <span class='ocrx_word' id='word_1_370' title='bbox 2263 3867 2382 3916; x_wconf 75' lang='lat' dir='ltr'>pag.</span> <span class='ocrx_word' id='word_1_371' title='bbox 2410 3855 2615 3901; x_wconf 81' lang='lat'>585.—·</span> <span class='ocrx_word' id='word_1_372' title='bbox 2641 3853 2702 3902; x_wconf 87' lang='lat' dir='ltr'>In</span> 
     </span>
     <span class='ocr_line' id='line_1_59' title="bbox 1634 3928 2700 3989; baseline -0.001 -9"><span class='ocrx_word' id='word_1_373' title='bbox 1634 3945 1843 3980; x_wconf 87' lang='lat' dir='ltr'>nummo</span> <span class='ocrx_word' id='word_1_374' title='bbox 1866 3945 2023 3980; x_wconf 82' lang='lat' dir='ltr'>aureo</span> <span class='ocrx_word' id='word_1_375' title='bbox 2044 3931 2362 3989; x_wconf 79' lang='lat' dir='ltr'>didrachmo,</span> <span class='ocrx_word' id='word_1_376' title='bbox 2381 3943 2411 3977; x_wconf 91' lang='lat' dir='ltr'>e</span> <span class='ocrx_word' id='word_1_377' title='bbox 2429 3928 2579 3978; x_wconf 79' lang='lat' dir='ltr'>Gaza</span> <span class='ocrx_word' id='word_1_378' title='bbox 2599 3929 2700 3979; x_wconf 89' lang='lat' dir='ltr'>Re-</span> 
     </span>
     <span class='ocr_line' id='line_1_60' title="bbox 1635 4005 2702 4072; baseline 0.001 -18"><span class='ocrx_word' id='word_1_379' title='bbox 1635 4006 1742 4072; x_wconf 82' lang='lat' dir='ltr'>gia,</span> <span class='ocrx_word' id='word_1_380' title='bbox 1759 4020 1911 4070; x_wconf 87' lang='lat' dir='ltr'>quem</span> <span class='ocrx_word' id='word_1_381' title='bbox 1934 4007 2189 4070; x_wconf 84' lang='lat' dir='ltr'>Segninus</span> <span class='ocrx_word' id='word_1_382' title='bbox 2213 4005 2458 4067; x_wconf 71' lang='lat' dir='ltr'>vulgavit,</span> <span class='ocrx_word' id='word_1_383' title='bbox 2477 4019 2603 4067; x_wconf 64' lang='lat' dir='ltr'>pag.</span> <span class='ocrx_word' id='word_1_384' title='bbox 2620 4008 2702 4055; x_wconf 74' lang='lat'>54.</span> 
     </span>
     <span class='ocr_line' id='line_1_61' title="bbox 1634 4082 2701 4146; baseline -0.001 -14"><span class='ocrx_word' id='word_1_385' title='bbox 1634 4091 1794 4146; x_wconf 78' lang='lat' dir='ltr'>capnt</span> <span class='ocrx_word' id='word_1_386' title='bbox 1842 4082 1992 4141; x_wconf 76' lang='lat' dir='ltr'>Jovis</span> <span class='ocrx_word' id='word_1_387' title='bbox 2048 4082 2303 4133; x_wconf 74' lang='lat' dir='ltr'>Dodonaei</span> <span class='ocrx_word' id='word_1_388' title='bbox 2350 4088 2453 4143; x_wconf 84' lang='lat' dir='ltr'>est,</span> <span class='ocrx_word' id='word_1_389' title='bbox 2508 4094 2701 4131; x_wconf 66' lang='lat' dir='ltr'>corona</span> 
     </span>
     <span class='ocr_line' id='line_1_62' title="bbox 1633 4157 2699 4223; baseline -0.003 -15"><span class='ocrx_word' id='word_1_390' title='bbox 1633 4172 1857 4223; x_wconf 85' lang='lat' dir='ltr'>quercea</span> <span class='ocrx_word' id='word_1_391' title='bbox 1897 4158 2216 4219; x_wconf 89' lang='lat' dir='ltr'>redimitum,</span> <span class='ocrx_word' id='word_1_392' title='bbox 2253 4159 2364 4206; x_wconf 87' lang='lat' dir='ltr'>sine</span> <span class='ocrx_word' id='word_1_393' title='bbox 2397 4157 2699 4221; x_wconf 78' lang='lat' dir='ltr'>epigraphe.</span> 
     </span>
     <span class='ocr_line' id='line_1_63' title="bbox 1633 4234 2699 4299; baseline -0.001 -15"><span class='ocrx_word' id='word_1_394' title='bbox 1633 4235 1696 4284; x_wconf 88' lang='lat' dir='ltr'>In</span> <span class='ocrx_word' id='word_1_395' title='bbox 1715 4246 1896 4286; x_wconf 78' lang='lat' dir='ltr'>aversa</span> <span class='ocrx_word' id='word_1_396' title='bbox 1915 4242 2092 4299; x_wconf 82' lang='lat' dir='ltr'>parte,</span> <span class='ocrx_word' id='word_1_397' title='bbox 2113 4234 2309 4285; x_wconf 82' lang='lat' dir='ltr'>fulmen</span> <span class='ocrx_word' id='word_1_398' title='bbox 2348 4235 2432 4284; x_wconf 89' lang='lat' dir='ltr'>cui</span> <span class='ocrx_word' id='word_1_399' title='bbox 2456 4234 2602 4285; x_wconf 83' lang='lat' dir='ltr'>sidus</span> <span class='ocrx_word' id='word_1_400' title='bbox 2624 4248 2699 4283; x_wconf 83' lang='lat' dir='ltr'>so·</span> 
     </span>
    </p>
   </div>
   <div class='ocr_carea' id='block_1_10' title="bbox 2966 1144 2982 4891">
    <p class='ocr_par' dir='ltr' id='par_1_15' title="bbox 2966 1144 2982 4891">
     <span class='ocr_line' id='line_1_64' title="bbox 2966 1144 2982 4891; baseline 0 0"><span class='ocrx_word' id='word_1_401' title='bbox 2966 1144 2982 4891; x_wconf 95' lang='lat' dir='ltr'> </span> 
     </span>
    </p>
   </div>
  </div>
 </body>
</html>
