<?xml version="1.0" encoding="UTF-8"?>
<!DOCTYPE html PUBLIC "-//W3C//DTD XHTML 1.0 Transitional//EN"
    "http://www.w3.org/TR/xhtml1/DTD/xhtml1-transitional.dtd">
<html xmlns="http://www.w3.org/1999/xhtml" xml:lang="en" lang="en">
 <head>
  <title>
</title>
<meta http-equiv="Content-Type" content="text/html;charset=utf-8" />
  <meta name='ocr-system' content='tesseract 3.04.00' />
  <meta name='ocr-capabilities' content='ocr_page ocr_carea ocr_par ocr_line ocrx_word'/>
</head>
<body>
  <div class='ocr_page' id='page_1' title='image "./cpliniisecundin01valpgoog_0194.png"; bbox 0 0 3000 4917; ppageno 0'>
   <div class='ocr_carea' id='block_1_1' title="bbox 481 326 1956 409">
    <p class='ocr_par' dir='ltr' id='par_1_1' title="bbox 481 326 1956 409">
     <span class='ocr_line' id='line_1_1' title="bbox 481 326 1956 409; baseline -0.005 -2"><span class='ocrx_word' id='word_1_1' title='bbox 481 341 657 409; x_wconf 74' lang='lat'>4550</span> <span class='ocrx_word' id='word_1_2' title='bbox 1220 356 1287 405; x_wconf 87' lang='lat' dir='ltr'><strong>c.</strong></span> <span class='ocrx_word' id='word_1_3' title='bbox 1334 326 1580 403; x_wconf 76' lang='lat' dir='ltr'><strong>l’LINn</strong></span> <span class='ocrx_word' id='word_1_4' title='bbox 1626 352 1956 402; x_wconf 73' lang='lat' dir='ltr'><strong>sncuum</strong></span> 
     </span>
    </p>
   </div>
   <div class='ocr_carea' id='block_1_2' title="bbox 485 495 2701 1607">
    <p class='ocr_par' dir='ltr' id='par_1_2' title="bbox 485 495 2701 1607">
     <span class='ocr_line' id='line_1_2' title="bbox 485 495 2686 582; baseline -0 -18"><span class='ocrx_word' id='word_1_5' title='bbox 485 502 723 576; x_wconf 77' lang='lat' dir='ltr'><strong>cerat‚⁵</strong></span> <span class='ocrx_word' id='word_1_6' title='bbox 769 497 1122 582; x_wconf 84' lang='lat' dir='ltr'><strong>proposuit</strong></span> <span class='ocrx_word' id='word_1_7' title='bbox 1150 497 1217 562; x_wconf 90' lang='lat' dir='ltr'><strong>in</strong></span> <span class='ocrx_word' id='word_1_8' title='bbox 1249 498 1459 564; x_wconf 86' lang='lat' dir='ltr'><strong>latere</strong></span> <span class='ocrx_word' id='word_1_9' title='bbox 1488 495 1713 561; x_wconf 79' lang='lat' dir='ltr'><strong>Curiae</strong></span> <span class='ocrx_word' id='word_1_10' title='bbox 1750 497 2138 575; x_wconf 80' lang='lat' dir='ltr'><strong>Hostiliae‚¹¹¹</strong></span> <span class='ocrx_word' id='word_1_11' title='bbox 2173 516 2348 562; x_wconf 89' lang='lat' dir='ltr'><strong>anno</strong></span> <span class='ocrx_word' id='word_1_12' title='bbox 2381 499 2470 563; x_wconf 88' lang='lat' dir='ltr'><strong>ab</strong></span> <span class='ocrx_word' id='word_1_13' title='bbox 2500 498 2686 563; x_wconf 83' lang='lat' dir='ltr'>Urbe</span> 
     </span>
     <span class='ocr_line' id='line_1_3' title="bbox 485 597 2691 682; baseline -0.001 -16"><span class='ocrx_word' id='word_1_14' title='bbox 485 600 763 666; x_wconf 86' lang='lat' dir='ltr'><strong>condita</strong></span> <span class='ocrx_word' id='word_1_15' title='bbox 810 608 1154 666; x_wconf 80' lang='lat' dir='ltr'><strong>cccoxo.¹¹</strong></span> <span class='ocrx_word' id='word_1_16' title='bbox 1245 599 1442 665; x_wconf 88' lang='lat' dir='ltr'><strong>Fecit</strong></span> <span class='ocrx_word' id='word_1_17' title='bbox 1487 598 1622 664; x_wconf 85' lang='lat' dir='ltr'><strong>hoc</strong></span> <span class='ocrx_word' id='word_1_18' title='bbox 1668 597 1897 663; x_wconf 90' lang='lat' dir='ltr'><strong>idem⁶</strong></span> <span class='ocrx_word' id='word_1_19' title='bbox 1941 605 2008 664; x_wconf 93' lang='lat' dir='ltr'><strong>et</strong></span> <span class='ocrx_word' id='word_1_20' title='bbox 2051 598 2129 662; x_wconf 87' lang='lat' dir='ltr'><strong>L.</strong></span> <span class='ocrx_word' id='word_1_21' title='bbox 2162 600 2449 682; x_wconf 89' lang='lat' dir='ltr'><strong>Scipio,⁰</strong></span> <span class='ocrx_word' id='word_1_22' title='bbox 2493 602 2691 664; x_wconf 87' lang='lat' dir='ltr'><strong>tabu-</strong></span> 
     </span>
     <span class='ocr_line' id='line_1_4' title="bbox 487 699 2695 786; baseline -0.001 -19"><span class='ocrx_word' id='word_1_23' title='bbox 487 704 756 786; x_wconf 86' lang='lat' dir='ltr'><strong>lamque</strong></span> <span class='ocrx_word' id='word_1_24' title='bbox 786 703 1083 771; x_wconf 83' lang='lat' dir='ltr'><strong>victoriae</strong></span> <span class='ocrx_word' id='word_1_25' title='bbox 1113 722 1256 767; x_wconf 84' lang='lat' dir='ltr'><strong>suae</strong></span> <span class='ocrx_word' id='word_1_26' title='bbox 1288 699 1620 766; x_wconf 84' lang='lat' dir='ltr'><strong>Asiaticae</strong></span> <span class='ocrx_word' id='word_1_27' title='bbox 1668 703 1735 765; x_wconf 90' lang='lat' dir='ltr'><strong>in</strong></span> <span class='ocrx_word' id='word_1_28' title='bbox 1782 700 2127 783; x_wconf 87' lang='lat' dir='ltr'><strong>Capitolio</strong></span> <span class='ocrx_word' id='word_1_29' title='bbox 2175 702 2439 784; x_wconf 85' lang='lat' dir='ltr'><strong>posuit:</strong></span> <span class='ocrx_word' id='word_1_30' title='bbox 2486 702 2695 784; x_wconf 89' lang='lat' dir='ltr'><strong>idque</strong></span> 
     </span>
     <span class='ocr_line' id='line_1_5' title="bbox 490 803 2693 887; baseline -0.002 -15"><span class='ocrx_word' id='word_1_31' title='bbox 490 825 669 887; x_wconf 83' lang='lat' dir='ltr'><strong>oegre</strong></span> <span class='ocrx_word' id='word_1_32' title='bbox 723 804 951 870; x_wconf 84' lang='lat' dir='ltr'><strong>tulisse</strong></span> <span class='ocrx_word' id='word_1_33' title='bbox 993 804 1258 873; x_wconf 85' lang='lat' dir='ltr'><strong>fratrem</strong></span> <span class='ocrx_word' id='word_1_34' title='bbox 1300 803 1697 870; x_wconf 81' lang='lat' dir='ltr'><strong>Africanum</strong></span> <span class='ocrx_word' id='word_1_35' title='bbox 1756 805 2046 882; x_wconf 86' lang='lat' dir='ltr'><strong>tradunt,</strong></span> <span class='ocrx_word' id='word_1_36' title='bbox 2101 803 2282 869; x_wconf 87' lang='lat' dir='ltr'><strong>haud</strong></span> <span class='ocrx_word' id='word_1_37' title='bbox 2332 804 2693 882; x_wconf 82' lang='lat' dir='ltr'><strong>immerite,</strong></span> 
     </span>
     <span class='ocr_line' id='line_1_6' title="bbox 492 906 2694 991; baseline -0 -20"><span class='ocrx_word' id='word_1_38' title='bbox 492 907 768 990; x_wconf 88' lang='lat' dir='ltr'><strong>quando</strong></span> <span class='ocrx_word' id='word_1_39' title='bbox 816 908 1044 972; x_wconf 89' lang='lat' dir='ltr'><strong>filius⁷</strong></span> <span class='ocrx_word' id='word_1_40' title='bbox 1090 907 1280 991; x_wconf 64' lang='lat' dir='ltr'><strong>ejus?</strong></span> <span class='ocrx_word' id='word_1_41' title='bbox 1339 909 1407 970; x_wconf 88' lang='lat' dir='ltr'><strong>in</strong></span> <span class='ocrx_word' id='word_1_42' title='bbox 1455 906 1572 970; x_wconf 87' lang='lat' dir='ltr'><strong>illo</strong></span> <span class='ocrx_word' id='word_1_43' title='bbox 1625 907 1855 989; x_wconf 79' lang='lat' dir='ltr'><strong>praelio</strong></span> <span class='ocrx_word' id='word_1_44' title='bbox 1908 913 2149 990; x_wconf 86' lang='lat' dir='ltr'><strong>captus</strong></span> <span class='ocrx_word' id='word_1_45' title='bbox 2200 906 2440 971; x_wconf 87' lang='lat' dir='ltr'><strong>suerat.</strong></span> <span class='ocrx_word' id='word_1_46' title='bbox 2532 907 2694 970; x_wconf 88' lang='lat' dir='ltr'><strong>Non</strong></span> 
     </span>
     <span class='ocr_line' id='line_1_7' title="bbox 491 1008 2698 1075; baseline 0 -3"><span class='ocrx_word' id='word_1_47' title='bbox 491 1008 891 1074; x_wconf 83' lang='lat' dir='ltr'><strong>dissimilem</strong></span> <span class='ocrx_word' id='word_1_48' title='bbox 923 1008 1352 1075; x_wconf 82' lang='lat' dir='ltr'><strong>offensionem</strong></span> <span class='ocrx_word' id='word_1_49' title='bbox 1382 1014 1449 1073; x_wconf 92' lang='lat' dir='ltr'><strong>et</strong></span> <span class='ocrx_word' id='word_1_50' title='bbox 1477 1008 1868 1073; x_wconf 66' lang='lat' dir='ltr'><strong>AEmilianiq</strong></span> <span class='ocrx_word' id='word_1_51' title='bbox 1912 1009 2119 1073; x_wconf 87' lang='lat' dir='ltr'><strong>subiit</strong></span> <span class='ocrx_word' id='word_1_52' title='bbox 2152 1009 2404 1073; x_wconf 88' lang='lat' dir='ltr'><strong>Lucius</strong></span> <span class='ocrx_word' id='word_1_53' title='bbox 2455 1009 2698 1073; x_wconf 91' lang='lat' dir='ltr'><strong>Hosti-</strong></span> 
     </span>
     <span class='ocr_line' id='line_1_8' title="bbox 489 1109 2696 1194; baseline 0 -21"><span class='ocrx_word' id='word_1_54' title='bbox 489 1110 625 1175; x_wconf 92' lang='lat' dir='ltr'><strong>lius</strong></span> <span class='ocrx_word' id='word_1_55' title='bbox 676 1110 1059 1186; x_wconf 80' lang='lat' dir='ltr'><strong>MancinuS‚</strong></span> <span class='ocrx_word' id='word_1_56' title='bbox 1107 1111 1228 1194; x_wconf 87' lang='lat' dir='ltr'><strong>qui</strong></span> <span class='ocrx_word' id='word_1_57' title='bbox 1278 1110 1535 1193; x_wconf 87' lang='lat' dir='ltr'><strong>primus</strong></span> <span class='ocrx_word' id='word_1_58' title='bbox 1581 1109 2051 1191; x_wconf 83' lang='lat' dir='ltr'>Carthaginem</span> <span class='ocrx_word' id='word_1_59' title='bbox 2099 1110 2443 1192; x_wconf 82' lang='lat' dir='ltr'><strong>irruperat,</strong></span> <span class='ocrx_word' id='word_1_60' title='bbox 2494 1112 2696 1175; x_wconf 84' lang='lat' dir='ltr'><strong>situm</strong></span> 
     </span>
     <span class='ocr_line' id='line_1_9' title="bbox 492 1211 2701 1297; baseline 0 -22"><span class='ocrx_word' id='word_1_61' title='bbox 492 1211 641 1295; x_wconf 85' lang='lat' dir='ltr'><strong>ejus</strong></span> <span class='ocrx_word' id='word_1_62' title='bbox 684 1212 1357 1297; x_wconf 79' lang='lat' dir='ltr'><strong>oppugnationesque</strong></span> <span class='ocrx_word' id='word_1_63' title='bbox 1388 1211 1745 1295; x_wconf 81' lang='lat' dir='ltr'><strong>depictas⁸</strong></span> <span class='ocrx_word' id='word_1_64' title='bbox 1792 1213 2227 1296; x_wconf 87' lang='lat' dir='ltr'><strong>proponendo</strong></span> <span class='ocrx_word' id='word_1_65' title='bbox 2271 1214 2343 1277; x_wconf 89' lang='lat' dir='ltr'><strong>in</strong></span> <span class='ocrx_word' id='word_1_66' title='bbox 2389 1212 2600 1289; x_wconf 89' lang='lat' dir='ltr'><strong>Foro,</strong></span> <span class='ocrx_word' id='word_1_67' title='bbox 2630 1221 2701 1276; x_wconf 91' lang='lat' dir='ltr'><strong>et</strong></span> 
     </span>
     <span class='ocr_line' id='line_1_10' title="bbox 491 1312 2700 1397; baseline 0 -21"><span class='ocrx_word' id='word_1_68' title='bbox 491 1312 642 1396; x_wconf 89' lang='lat' dir='ltr'><strong>ipse</strong></span> <span class='ocrx_word' id='word_1_69' title='bbox 703 1316 1027 1378; x_wconf 84' lang='lat' dir='ltr'><strong>assistens</strong></span> <span class='ocrx_word' id='word_1_70' title='bbox 1090 1315 1348 1397; x_wconf 90' lang='lat' dir='ltr'><strong>populo</strong></span> <span class='ocrx_word' id='word_1_71' title='bbox 1411 1314 1745 1396; x_wconf 86' lang='lat' dir='ltr'><strong>spectanti</strong></span> <span class='ocrx_word' id='word_1_72' title='bbox 1801 1313 2066 1395; x_wconf 84' lang='lat' dir='ltr'><strong>singula</strong></span> <span class='ocrx_word' id='word_1_73' title='bbox 2112 1313 2514 1378; x_wconf 80' lang='lat' dir='ltr'><strong>enarrando:</strong></span> <span class='ocrx_word' id='word_1_74' title='bbox 2564 1333 2700 1395; x_wconf 87' lang='lat' dir='ltr'><strong>qua</strong></span> 
     </span>
     <span class='ocr_line' id='line_1_11' title="bbox 494 1415 2701 1499; baseline -0 -19"><span class='ocrx_word' id='word_1_75' title='bbox 494 1417 812 1482; x_wconf 87' lang='lat' dir='ltr'><strong>comitate</strong></span> <span class='ocrx_word' id='word_1_76' title='bbox 857 1417 1188 1499; x_wconf 78' lang='lat' dir='ltr'><strong>proximis</strong></span> <span class='ocrx_word' id='word_1_77' title='bbox 1219 1417 1510 1483; x_wconf 88' lang='lat' dir='ltr'><strong>comitiis</strong></span> <span class='ocrx_word' id='word_1_78' title='bbox 1539 1418 1959 1481; x_wconf 89' lang='lat' dir='ltr'><strong>consulatum</strong></span> <span class='ocrx_word' id='word_1_79' title='bbox 1997 1417 2282 1499; x_wconf 83' lang='lat' dir='ltr'><strong>adeptus</strong></span> <span class='ocrx_word' id='word_1_80' title='bbox 2311 1422 2462 1480; x_wconf 85' lang='lat' dir='ltr'><strong>est.r</strong></span> <span class='ocrx_word' id='word_1_81' title='bbox 2550 1415 2701 1479; x_wconf 86' lang='lat' dir='ltr'><strong>Ha-</strong></span> 
     </span>
     <span class='ocr_line' id='line_1_12' title="bbox 494 1517 2699 1607; baseline -0.001 -25"><span class='ocrx_word' id='word_1_82' title='bbox 494 1518 643 1607; x_wconf 86' lang='lat' dir='ltr'><strong>buit</strong></span> <span class='ocrx_word' id='word_1_83' title='bbox 672 1524 742 1583; x_wconf 93' lang='lat' dir='ltr'><strong>et</strong></span> <span class='ocrx_word' id='word_1_84' title='bbox 769 1537 973 1584; x_wconf 90' lang='lat' dir='ltr'><strong>scena</strong></span> <span class='ocrx_word' id='word_1_85' title='bbox 1001 1518 1183 1582; x_wconf 84' lang='lat' dir='ltr'><strong>ludis</strong></span> <span class='ocrx_word' id='word_1_86' title='bbox 1212 1518 1481 1583; x_wconf 83' lang='lat' dir='ltr'><strong>Claudii</strong></span> <span class='ocrx_word' id='word_1_87' title='bbox 1515 1518 1821 1584; x_wconf 78' lang='lat' dir='ltr'><strong>Pulchri⁸</strong></span> <span class='ocrx_word' id='word_1_88' title='bbox 1850 1538 2161 1600; x_wconf 85' lang='lat' dir='ltr'><strong>maguam</strong></span> <span class='ocrx_word' id='word_1_89' title='bbox 2193 1517 2699 1583; x_wconf 83' lang='lat' dir='ltr'><strong>admirationem</strong></span> 
     </span>
    </p>
   </div>
   <div class='ocr_carea' id='block_1_3' title="bbox 492 1617 2700 1803">
    <p class='ocr_par' dir='ltr' id='par_1_3' title="bbox 492 1617 2700 1803">
     <span class='ocr_line' id='line_1_13' title="bbox 492 1617 2700 1703; baseline -0.001 -20"><span class='ocrx_word' id='word_1_90' title='bbox 492 1619 798 1703; x_wconf 81' lang='lat' dir='ltr'><strong>picturae,</strong></span> <span class='ocrx_word' id='word_1_91' title='bbox 846 1640 1001 1685; x_wconf 92' lang='lat' dir='ltr'><strong>cum</strong></span> <span class='ocrx_word' id='word_1_92' title='bbox 1054 1619 1140 1684; x_wconf 85' lang='lat' dir='ltr'><strong>ad</strong></span> <span class='ocrx_word' id='word_1_93' title='bbox 1196 1621 1566 1703; x_wconf 84' lang='lat' dir='ltr'><strong>tegularum</strong></span> <span class='ocrx_word' id='word_1_94' title='bbox 1619 1620 2125 1686; x_wconf 89' lang='lat' dir='ltr'><strong>similitudinem</strong></span> <span class='ocrx_word' id='word_1_95' title='bbox 2181 1621 2371 1685; x_wconf 88' lang='lat' dir='ltr'><strong>corvi</strong></span> <span class='ocrx_word' id='word_1_96' title='bbox 2433 1617 2700 1701; x_wconf 89' lang='lat' dir='ltr'><strong>decepti</strong></span> 
     </span>
     <span class='ocr_line' id='line_1_14' title="bbox 498 1721 1239 1803; baseline 0.004 -20"><span class='ocrx_word' id='word_1_97' title='bbox 498 1721 788 1803; x_wconf 85' lang='lat' dir='ltr'><strong>imagine</strong></span> <span class='ocrx_word' id='word_1_98' title='bbox 822 1721 1239 1788; x_wconf 83' lang='lat' dir='ltr'><strong>advolarent.</strong></span> 
     </span>
    </p>
   </div>
   <div class='ocr_carea' id='block_1_4' title="bbox 1414 1850 1779 1873">
    <p class='ocr_par' dir='ltr' id='par_1_4' title="bbox 1414 1850 1779 1873">
     <span class='ocr_line' id='line_1_15' title="bbox 1414 1850 1779 1873; baseline -0.005 0"><span class='ocrx_word' id='word_1_99' title='bbox 1414 1850 1472 1873; x_wconf 59' lang='lat' dir='ltr'><strong>Oe</strong></span> <span class='ocrx_word' id='word_1_100' title='bbox 1478 1850 1656 1872; x_wconf 64' lang='lat' dir='ltr'><strong>‘mee</strong></span> <span class='ocrx_word' id='word_1_101' title='bbox 1661 1851 1779 1872; x_wconf 64' lang='lat' dir='ltr'><strong>eece</strong></span> 
     </span>
    </p>
   </div>
   <div class='ocr_carea' id='block_1_5' title="bbox 498 1981 2712 2110">
    <p class='ocr_par' dir='ltr' id='par_1_5' title="bbox 498 1981 2712 2110">
     <span class='ocr_line' id='line_1_16' title="bbox 502 1981 2712 2047; baseline -0.001 -14"><span class='ocrx_word' id='word_1_102' title='bbox 502 1982 733 2033; x_wconf 84' lang='lat' dir='ltr'><strong>Gronov.</strong></span> <span class='ocrx_word' id='word_1_103' title='bbox 758 1984 824 2034; x_wconf 84' lang='lat' dir='ltr'><strong>al.</strong></span> <span class='ocrx_word' id='word_1_104' title='bbox 847 1989 977 2032; x_wconf 82' lang='lat' dir='ltr'><strong>vett.</strong></span> <span class='ocrx_word' id='word_1_105' title='bbox 1003 1981 1259 2031; x_wconf 84' lang='lat' dir='ltr'><strong>Harduin.</strong></span> <span class='ocrx_word' id='word_1_106' title='bbox 1284 1986 1331 2031; x_wconf 88' lang='lat'><strong>1.</strong></span> <span class='ocrx_word' id='word_1_107' title='bbox 1355 1986 1407 2031; x_wconf 80' lang='lat'><strong>2.</strong></span> <span class='ocrx_word' id='word_1_108' title='bbox 1427 1986 1477 2031; x_wconf 74' lang='grc'><strong>3.</strong></span> <span class='ocrx_word' id='word_1_109' title='bbox 1503 1983 1699 2032; x_wconf 86' lang='lat' dir='ltr'><strong>Miller.</strong></span> <span class='ocrx_word' id='word_1_110' title='bbox 1724 1982 1940 2047; x_wconf 85' lang='lat' dir='ltr'><strong>Bipont.</strong></span> <span class='ocrx_word' id='word_1_111' title='bbox 1974 1990 2030 2032; x_wconf 89' lang='lat' dir='ltr'><strong>et</strong></span> <span class='ocrx_word' id='word_1_112' title='bbox 2054 1983 2234 2032; x_wconf 81' lang='lat' dir='ltr'><strong>Franz.</strong></span> <span class='ocrx_word' id='word_1_113' title='bbox 2240 1990 2333 2032; x_wconf 82' lang='lat'><strong>-5</strong></span> <span class='ocrx_word' id='word_1_114' title='bbox 2369 1983 2503 2032; x_wconf 88' lang='lat' dir='ltr'><strong>Cod.</strong></span> <span class='ocrx_word' id='word_1_115' title='bbox 2528 1982 2712 2032; x_wconf 81' lang='lat' dir='ltr'><strong>Dalec.</strong></span> 
     </span>
     <span class='ocr_line' id='line_1_17' title="bbox 498 2047 2709 2110; baseline -0.002 -11"><span class='ocrx_word' id='word_1_116' title='bbox 498 2049 697 2099; x_wconf 66' lang='lat' dir='ltr'><strong>vicera.</strong></span> <span class='ocrx_word' id='word_1_117' title='bbox 701 2052 799 2098; x_wconf 87' lang='grc'><strong>-6</strong></span> <span class='ocrx_word' id='word_1_118' title='bbox 830 2047 916 2097; x_wconf 85' lang='lat' dir='ltr'><strong>Ita</strong></span> <span class='ocrx_word' id='word_1_119' title='bbox 938 2063 1003 2096; x_wconf 85' lang='lat' dir='ltr'><strong>ex</strong></span> <span class='ocrx_word' id='word_1_120' title='bbox 1026 2048 1179 2099; x_wconf 87' lang='lat' dir='ltr'><strong>codd.</strong></span> <span class='ocrx_word' id='word_1_121' title='bbox 1205 2048 1507 2097; x_wconf 86' lang='lat' dir='ltr'><strong>Harduinus</strong></span> <span class='ocrx_word' id='word_1_122' title='bbox 1537 2055 1591 2097; x_wconf 84' lang='lat' dir='ltr'><strong>et</strong></span> <span class='ocrx_word' id='word_1_123' title='bbox 1627 2055 1850 2097; x_wconf 79' lang='lat' dir='ltr'><strong>recenti.</strong></span> <span class='ocrx_word' id='word_1_124' title='bbox 1922 2048 2064 2098; x_wconf 76' lang='lat' dir='ltr'><strong>Facit</strong></span> <span class='ocrx_word' id='word_1_125' title='bbox 2084 2049 2169 2097; x_wconf 75' lang='lat' dir='ltr'><strong>hoc</strong></span> <span class='ocrx_word' id='word_1_126' title='bbox 2189 2049 2376 2110; x_wconf 78' lang='lat' dir='ltr'><strong>quidem</strong></span> <span class='ocrx_word' id='word_1_127' title='bbox 2396 2047 2634 2098; x_wconf 86' lang='lat' dir='ltr'><strong>Gronov.</strong></span> <span class='ocrx_word' id='word_1_128' title='bbox 2654 2056 2709 2095; x_wconf 83' lang='lat' dir='ltr'><strong>et</strong></span> 
     </span>
    </p>
   </div>
   <div class='ocr_carea' id='block_1_6' title="bbox 409 2112 2711 2176">
    <p class='ocr_par' dir='ltr' id='par_1_6' title="bbox 409 2112 2711 2176">
     <span class='ocr_line' id='line_1_18' title="bbox 409 2112 2711 2176; baseline 0 -17"><span class='ocrx_word' id='word_1_129' title='bbox 409 2138 416 2145; x_wconf 94' lang='lat'><strong>·</strong></span> <span class='ocrx_word' id='word_1_130' title='bbox 498 2113 677 2176; x_wconf 75' lang='lat' dir='ltr'><strong>vulgg.</strong></span> <span class='ocrx_word' id='word_1_131' title='bbox 680 2118 772 2162; x_wconf 81' lang='grc'><strong>-7</strong></span> <span class='ocrx_word' id='word_1_132' title='bbox 810 2112 896 2162; x_wconf 86' lang='lat' dir='ltr'><strong>Ita</strong></span> <span class='ocrx_word' id='word_1_133' title='bbox 929 2128 995 2162; x_wconf 85' lang='lat' dir='ltr'><strong>ex</strong></span> <span class='ocrx_word' id='word_1_134' title='bbox 1018 2113 1170 2162; x_wconf 84' lang='lat' dir='ltr'><strong>codd.</strong></span> <span class='ocrx_word' id='word_1_135' title='bbox 1195 2113 1500 2162; x_wconf 84' lang='lat' dir='ltr'><strong>Harduinus</strong></span> <span class='ocrx_word' id='word_1_136' title='bbox 1525 2123 1579 2162; x_wconf 85' lang='lat' dir='ltr'><strong>et</strong></span> <span class='ocrx_word' id='word_1_137' title='bbox 1605 2120 1832 2162; x_wconf 75' lang='lat' dir='ltr'><strong>recenti.</strong></span> <span class='ocrx_word' id='word_1_138' title='bbox 1879 2115 2078 2162; x_wconf 73' lang='lat' dir='ltr'><strong>traduat</strong></span> <span class='ocrx_word' id='word_1_139' title='bbox 2107 2114 2284 2163; x_wconf 81' lang='lat' dir='ltr'><strong>iratum</strong></span> <span class='ocrx_word' id='word_1_140' title='bbox 2308 2114 2432 2163; x_wconf 76' lang='grc' dir='ltr'>Ιιαιιά</span> <span class='ocrx_word' id='word_1_141' title='bbox 2455 2113 2711 2171; x_wconf 71' lang='lat' dir='ltr'><strong>immerito,</strong></span> 
     </span>
    </p>
   </div>
   <div class='ocr_carea' id='block_1_7' title="bbox 500 2176 2711 2253">
    <p class='ocr_par' dir='ltr' id='par_1_7' title="bbox 500 2176 2711 2253">
     <span class='ocr_line' id='line_1_19' title="bbox 500 2176 2711 2253; baseline -0.001 -27"><span class='ocrx_word' id='word_1_142' title='bbox 500 2178 723 2240; x_wconf 79' lang='lat' dir='ltr'><strong>quoniam</strong></span> <span class='ocrx_word' id='word_1_143' title='bbox 739 2176 884 2253; x_wconf 77' lang='lat' dir='ltr'><strong>filius</strong></span> <span class='ocrx_word' id='word_1_144' title='bbox 905 2177 1135 2227; x_wconf 83' lang='lat' dir='ltr'><strong>Gronov.</strong></span> <span class='ocrx_word' id='word_1_145' title='bbox 1178 2184 1235 2226; x_wconf 86' lang='lat' dir='ltr'><strong>et</strong></span> <span class='ocrx_word' id='word_1_146' title='bbox 1266 2177 1333 2225; x_wconf 83' lang='lat' dir='ltr'><strong>al.</strong></span> <span class='ocrx_word' id='word_1_147' title='bbox 1374 2184 1486 2227; x_wconf 89' lang='lat' dir='ltr'><strong>vett</strong></span> <span class='ocrx_word' id='word_1_148' title='bbox 1495 2182 1608 2227; x_wconf 85' lang='lat'><strong>.-8</strong></span> <span class='ocrx_word' id='word_1_149' title='bbox 1650 2179 1735 2227; x_wconf 80' lang='lat' dir='ltr'><strong>Ita</strong></span> <span class='ocrx_word' id='word_1_150' title='bbox 1776 2193 1841 2226; x_wconf 83' lang='lat' dir='ltr'><strong>ex</strong></span> <span class='ocrx_word' id='word_1_151' title='bbox 1880 2176 2036 2227; x_wconf 83' lang='lat' dir='ltr'><strong>codd.</strong></span> <span class='ocrx_word' id='word_1_152' title='bbox 2074 2177 2373 2227; x_wconf 83' lang='lat' dir='ltr'><strong>Harduinus</strong></span> <span class='ocrx_word' id='word_1_153' title='bbox 2398 2186 2450 2225; x_wconf 88' lang='lat' dir='ltr'><strong>et</strong></span> <span class='ocrx_word' id='word_1_154' title='bbox 2492 2186 2711 2225; x_wconf 75' lang='lat' dir='ltr'><strong>recenti.</strong></span> 
     </span>
    </p>
   </div>
   <div class='ocr_carea' id='block_1_8' title="bbox 502 2241 2713 2356">
    <p class='ocr_par' dir='ltr' id='par_1_8' title="bbox 502 2241 2713 2356">
     <span class='ocr_line' id='line_1_20' title="bbox 502 2241 2713 2356; baseline -0.001 -64"><span class='ocrx_word' id='word_1_155' title='bbox 502 2243 961 2356; x_wconf 42' lang='lat' dir='ltr'><strong>gpxaegnationesque</strong></span> <span class='ocrx_word' id='word_1_156' title='bbox 980 2242 1193 2306; x_wconf 75' lang='lat' dir='ltr'><strong>depictas</strong></span> <span class='ocrx_word' id='word_1_157' title='bbox 1212 2242 1444 2294; x_wconf 81' lang='lat' dir='ltr'><strong>Gronov,</strong></span> <span class='ocrx_word' id='word_1_158' title='bbox 1482 2250 1541 2292; x_wconf 83' lang='lat' dir='ltr'><strong>et</strong></span> <span class='ocrx_word' id='word_1_159' title='bbox 1562 2244 1626 2294; x_wconf 89' lang='lat' dir='ltr'><strong>al.</strong></span> <span class='ocrx_word' id='word_1_160' title='bbox 1648 2248 1781 2295; x_wconf 81' lang='lat' dir='ltr'><strong>vett.</strong></span> <span class='ocrx_word' id='word_1_161' title='bbox 1832 2243 2314 2306; x_wconf 66' lang='lat' dir='ltr'><strong>oppugnationemque</strong></span> <span class='ocrx_word' id='word_1_162' title='bbox 2336 2241 2580 2306; x_wconf 71' lang='lat' dir='ltr'><strong>depictam</strong></span> <span class='ocrx_word' id='word_1_163' title='bbox 2598 2241 2713 2290; x_wconf 86' lang='lat' dir='ltr'><strong>cod.</strong></span> 
     </span>
     <span class='ocr_line' id='line_1_21' title="bbox 561 2321 681 2356; baseline 0 -1"><span class='ocrx_word' id='word_1_164' title='bbox 561 2322 591 2355; x_wconf 83' lang='lat' dir='ltr'><strong>a</strong></span> <span class='ocrx_word' id='word_1_165' title='bbox 618 2321 681 2356; x_wconf 89' lang='lat' dir='ltr'><strong>ec</strong></span> 
     </span>
    </p>
   </div>
   <div class='ocr_carea' id='block_1_9' title="bbox 1501 2436 1716 2486">
    <p class='ocr_par' dir='ltr' id='par_1_9' title="bbox 1501 2436 1716 2486">
     <span class='ocr_line' id='line_1_22' title="bbox 1501 2436 1716 2486; baseline 0.005 -1"><span class='ocrx_word' id='word_1_166' title='bbox 1501 2436 1716 2486; x_wconf 76' lang='lat' dir='ltr'>NOTAE</span> 
     </span>
    </p>
   </div>
   <div class='ocr_carea' id='block_1_10' title="bbox 506 2564 2729 3242">
    <p class='ocr_par' dir='ltr' id='par_1_10' title="bbox 506 2564 2724 3009">
     <span class='ocr_line' id='line_1_23' title="bbox 569 2564 2720 2630; baseline 0 -16"><span class='ocrx_word' id='word_1_167' title='bbox 569 2572 608 2601; x_wconf 81' lang='lat'><strong>¹²²</strong></span> <span class='ocrx_word' id='word_1_168' title='bbox 644 2564 805 2614; x_wconf 76' lang='lat' dir='ltr'><strong>Curioe</strong></span> <span class='ocrx_word' id='word_1_169' title='bbox 849 2564 1106 2628; x_wconf 66' lang='lat' dir='ltr'><strong>Hostilia]</strong></span> <span class='ocrx_word' id='word_1_170' title='bbox 1180 2564 1246 2613; x_wconf 87' lang='lat' dir='ltr'><strong>P.</strong></span> <span class='ocrx_word' id='word_1_171' title='bbox 1290 2565 1479 2615; x_wconf 84' lang='lat' dir='ltr'><strong>Victor</strong></span> <span class='ocrx_word' id='word_1_172' title='bbox 1518 2565 1570 2615; x_wconf 89' lang='lat' dir='ltr'><strong>in</strong></span> <span class='ocrx_word' id='word_1_173' title='bbox 1653 2564 1988 2628; x_wconf 84' lang='lat' dir='ltr'><strong>adoptionem</strong></span> <span class='ocrx_word' id='word_1_174' title='bbox 2024 2564 2281 2630; x_wconf 72' lang='lat' dir='ltr'><strong>Scipionis</strong></span> <span class='ocrx_word' id='word_1_175' title='bbox 2313 2564 2560 2615; x_wconf 76' lang='lat' dir='ltr'><strong>Africani</strong></span> <span class='ocrx_word' id='word_1_176' title='bbox 2586 2565 2720 2629; x_wconf 86' lang='lat' dir='ltr'><strong>prio·</strong></span> 
     </span>
     <span class='ocr_line' id='line_1_24' title="bbox 511 2639 2720 2704; baseline 0 -16"><span class='ocrx_word' id='word_1_177' title='bbox 511 2640 783 2704; x_wconf 86' lang='lat' dir='ltr'><strong>Descript.</strong></span> <span class='ocrx_word' id='word_1_178' title='bbox 816 2640 1017 2701; x_wconf 79' lang='lat' dir='ltr'><strong>Romae,</strong></span> <span class='ocrx_word' id='word_1_179' title='bbox 1053 2641 1265 2703; x_wconf 80' lang='lat' dir='ltr'><strong>regione</strong></span> <span class='ocrx_word' id='word_1_180' title='bbox 1298 2641 1566 2691; x_wconf 83' lang='lat' dir='ltr'><strong>secunda:</strong></span> <span class='ocrx_word' id='word_1_181' title='bbox 1656 2640 1726 2688; x_wconf 90' lang='lat' dir='ltr'><strong>ris</strong></span> <span class='ocrx_word' id='word_1_182' title='bbox 1765 2655 1928 2704; x_wconf 85' lang='lat' dir='ltr'><strong>nepos</strong></span> <span class='ocrx_word' id='word_1_183' title='bbox 1967 2640 2170 2691; x_wconf 87' lang='lat' dir='ltr'><strong>fuit.—‘</strong></span> <span class='ocrx_word' id='word_1_184' title='bbox 2188 2641 2447 2704; x_wconf 86' lang='lat' dir='ltr'><strong>Scipionis</strong></span> <span class='ocrx_word' id='word_1_185' title='bbox 2486 2639 2720 2691; x_wconf 82' lang='lat' dir='ltr'><strong>Africani</strong></span> 
     </span>
     <span class='ocr_line' id='line_1_25' title="bbox 506 2715 2722 2782; baseline 0.001 -19"><span class='ocrx_word' id='word_1_186' title='bbox 506 2715 713 2778; x_wconf 84' lang='lat' dir='ltr'><strong>‘Regia</strong></span> <span class='ocrx_word' id='word_1_187' title='bbox 748 2716 881 2765; x_wconf 87' lang='lat' dir='ltr'><strong>Tulli</strong></span> <span class='ocrx_word' id='word_1_188' title='bbox 928 2716 1164 2774; x_wconf 80' lang='lat' dir='ltr'><strong>Hostilii,</strong></span> <span class='ocrx_word' id='word_1_189' title='bbox 1201 2721 1571 2782; x_wconf 81' lang='lat' dir='ltr'><strong>templumque,</strong></span> <span class='ocrx_word' id='word_1_190' title='bbox 1656 2718 1944 2780; x_wconf 84' lang='lat' dir='ltr'><strong>sequentis,</strong></span> <span class='ocrx_word' id='word_1_191' title='bbox 1987 2718 2074 2782; x_wconf 85' lang='lat' dir='ltr'><strong>qui</strong></span> <span class='ocrx_word' id='word_1_192' title='bbox 2119 2717 2185 2767; x_wconf 86' lang='lat' dir='ltr'><strong>ab</strong></span> <span class='ocrx_word' id='word_1_193' title='bbox 2232 2718 2437 2766; x_wconf 88' lang='lat' dir='ltr'><strong>AEmilia</strong></span> <span class='ocrx_word' id='word_1_194' title='bbox 2480 2719 2722 2782; x_wconf 77' lang='lat' dir='ltr'><strong>conjuge,</strong></span> 
     </span>
     <span class='ocr_line' id='line_1_26' title="bbox 508 2790 2721 2857; baseline 0 -17"><span class='ocrx_word' id='word_1_195' title='bbox 508 2790 647 2857; x_wconf 86' lang='lat' dir='ltr'><strong>quod</strong></span> <span class='ocrx_word' id='word_1_196' title='bbox 679 2791 724 2840; x_wconf 85' lang='lat' dir='ltr'><strong>is</strong></span> <span class='ocrx_word' id='word_1_197' title='bbox 759 2791 811 2840; x_wconf 90' lang='lat' dir='ltr'><strong>in</strong></span> <span class='ocrx_word' id='word_1_198' title='bbox 848 2792 1056 2841; x_wconf 83' lang='lat' dir='ltr'><strong>Curiam</strong></span> <span class='ocrx_word' id='word_1_199' title='bbox 1091 2792 1318 2857; x_wconf 82' lang='lat' dir='ltr'><strong>redegit,</strong></span> <span class='ocrx_word' id='word_1_200' title='bbox 1337 2794 1519 2844; x_wconf 87' lang='lat' dir='ltr'><strong>ordine</strong></span> <span class='ocrx_word' id='word_1_201' title='bbox 1543 2810 1574 2845; x_wconf 89' lang='lat' dir='ltr'><strong>a</strong></span> <span class='ocrx_word' id='word_1_202' title='bbox 1657 2791 1847 2843; x_wconf 84' lang='lat' dir='ltr'><strong>AEmilii</strong></span> <span class='ocrx_word' id='word_1_203' title='bbox 1873 2794 2023 2842; x_wconf 83' lang='lat' dir='ltr'><strong>Pauli</strong></span> <span class='ocrx_word' id='word_1_204' title='bbox 2047 2793 2172 2850; x_wconf 86' lang='lat' dir='ltr'><strong>filia,</strong></span> <span class='ocrx_word' id='word_1_205' title='bbox 2195 2792 2366 2842; x_wconf 87' lang='lat' dir='ltr'><strong>dictus</strong></span> <span class='ocrx_word' id='word_1_206' title='bbox 2391 2801 2475 2843; x_wconf 85' lang='lat' dir='ltr'><strong>est</strong></span> <span class='ocrx_word' id='word_1_207' title='bbox 2500 2792 2721 2842; x_wconf 77' lang='lat' dir='ltr'><strong>AEmilia·</strong></span> 
     </span>
     <span class='ocr_line' id='line_1_27' title="bbox 509 2867 2724 2932; baseline 0 -15"><span class='ocrx_word' id='word_1_208' title='bbox 509 2882 567 2918; x_wconf 86' lang='lat' dir='ltr'><strong>se</strong></span> <span class='ocrx_word' id='word_1_209' title='bbox 602 2875 775 2930; x_wconf 85' lang='lat' dir='ltr'><strong>aucto,</strong></span> <span class='ocrx_word' id='word_1_210' title='bbox 813 2867 865 2916; x_wconf 86' lang='lat' dir='ltr'><strong>id</strong></span> <span class='ocrx_word' id='word_1_211' title='bbox 901 2876 1001 2926; x_wconf 79' lang='lat' dir='ltr'><strong>est,</strong></span> <span class='ocrx_word' id='word_1_212' title='bbox 1033 2869 1282 2921; x_wconf 85' lang='lat' dir='ltr'><strong>Patribus</strong></span> <span class='ocrx_word' id='word_1_213' title='bbox 1322 2870 1577 2921; x_wconf 87' lang='lat' dir='ltr'><strong>minorum</strong></span> <span class='ocrx_word' id='word_1_214' title='bbox 1658 2883 1776 2932; x_wconf 85' lang='lat' dir='ltr'><strong>uus,</strong></span> <span class='ocrx_word' id='word_1_215' title='bbox 1798 2876 1858 2918; x_wconf 89' lang='lat' dir='ltr'><strong>nt</strong></span> <span class='ocrx_word' id='word_1_216' title='bbox 1882 2870 2209 2920; x_wconf 81' lang='lat' dir='ltr'><strong>Domitianus</strong></span> <span class='ocrx_word' id='word_1_217' title='bbox 2231 2883 2262 2918; x_wconf 84' lang='lat' dir='ltr'><strong>a</strong></span> <span class='ocrx_word' id='word_1_218' title='bbox 2284 2868 2541 2931; x_wconf 85' lang='lat' dir='ltr'><strong>Domitia,</strong></span> <span class='ocrx_word' id='word_1_219' title='bbox 2561 2877 2618 2919; x_wconf 90' lang='lat' dir='ltr'><strong>et</strong></span> <span class='ocrx_word' id='word_1_220' title='bbox 2640 2869 2724 2918; x_wconf 84' lang='lat' dir='ltr'><strong>alii</strong></span> 
     </span>
     <span class='ocr_line' id='line_1_28' title="bbox 513 2944 2181 3009; baseline 0.001 -14"><span class='ocrx_word' id='word_1_221' title='bbox 513 2944 783 3009; x_wconf 61' lang='lat' dir='ltr'><strong>gentium!</strong></span> <span class='ocrx_word' id='word_1_222' title='bbox 1663 2946 1940 2996; x_wconf 89' lang='lat' dir='ltr'><strong>similiter.’</strong></span> <span class='ocrx_word' id='word_1_223' title='bbox 1974 2948 2068 2995; x_wconf 76' lang='lat' dir='ltr'><strong>Ea.</strong></span> <span class='ocrx_word' id='word_1_224' title='bbox 2089 2962 2181 2996; x_wconf 77' lang='lat' dir='ltr'><strong>soc.</strong></span> 
     </span>
    </p>

    <p class='ocr_par' dir='ltr' id='par_1_11' title="bbox 512 3020 2729 3242">
     <span class='ocr_line' id='line_1_29' title="bbox 577 3020 2724 3088; baseline 0.001 -18"><span class='ocrx_word' id='word_1_225' title='bbox 577 3029 602 3054; x_wconf 80' lang='lat'><strong>¹¹</strong></span> <span class='ocrx_word' id='word_1_226' title='bbox 634 3020 779 3070; x_wconf 74' lang='lat' dir='ltr'><strong>Auno</strong></span> <span class='ocrx_word' id='word_1_227' title='bbox 798 3021 859 3070; x_wconf 78' lang='lat' dir='ltr'><strong>ab</strong></span> <span class='ocrx_word' id='word_1_228' title='bbox 889 3020 1019 3071; x_wconf 83' lang='lat' dir='ltr'><strong>Urbe</strong></span> <span class='ocrx_word' id='word_1_229' title='bbox 1045 3022 1292 3072; x_wconf 84' lang='lat' dir='ltr'><strong>CCCCX</strong></span> <span class='ocrx_word' id='word_1_230' title='bbox 1292 3024 1375 3088; x_wconf 84' lang='lat' dir='ltr'><strong>C.]</strong></span> <span class='ocrx_word' id='word_1_231' title='bbox 1417 3024 1578 3074; x_wconf 89' lang='lat' dir='ltr'><strong>Forte</strong></span> <span class='ocrx_word' id='word_1_232' title='bbox 1726 3029 1746 3056; x_wconf 77' lang='lat' dir='ltr'><strong>r</strong></span> <span class='ocrx_word' id='word_1_233' title='bbox 1781 3023 2091 3072; x_wconf 72' lang='lat' dir='ltr'><strong>Consulatum</strong></span> <span class='ocrx_word' id='word_1_234' title='bbox 2120 3025 2319 3085; x_wconf 77' lang='lat' dir='ltr'><strong>adeptus</strong></span> <span class='ocrx_word' id='word_1_235' title='bbox 2346 3021 2441 3085; x_wconf 80' lang='lat' dir='ltr'><strong>est]</strong></span> <span class='ocrx_word' id='word_1_236' title='bbox 2493 3022 2626 3072; x_wconf 87' lang='lat' dir='ltr'><strong>Cum</strong></span> <span class='ocrx_word' id='word_1_237' title='bbox 2649 3024 2724 3072; x_wconf 83' lang='lat' dir='ltr'><strong>M.</strong></span> 
     </span>
     <span class='ocr_line' id='line_1_30' title="bbox 512 3097 2728 3163; baseline 0.002 -17"><span class='ocrx_word' id='word_1_238' title='bbox 512 3097 705 3147; x_wconf 88' lang='lat' dir='ltr'><strong>rectius</strong></span> <span class='ocrx_word' id='word_1_239' title='bbox 746 3097 1085 3147; x_wconf 77' lang='lat' dir='ltr'><strong>ccccxcl.</strong></span> <span class='ocrx_word' id='word_1_240' title='bbox 1120 3104 1179 3146; x_wconf 90' lang='lat' dir='ltr'><strong>ut</strong></span> <span class='ocrx_word' id='word_1_241' title='bbox 1217 3098 1438 3147; x_wconf 81' lang='lat' dir='ltr'><strong>diximus</strong></span> <span class='ocrx_word' id='word_1_242' title='bbox 1479 3113 1580 3149; x_wconf 84' lang='lat' dir='ltr'><strong>vn.</strong></span> <span class='ocrx_word' id='word_1_243' title='bbox 1663 3098 1870 3149; x_wconf 84' lang='lat' dir='ltr'><strong>AEmilio</strong></span> <span class='ocrx_word' id='word_1_244' title='bbox 1918 3100 2134 3163; x_wconf 85' lang='lat' dir='ltr'><strong>Lepido,</strong></span> <span class='ocrx_word' id='word_1_245' title='bbox 2190 3100 2348 3148; x_wconf 82' lang='lat' dir='ltr'><strong>Urbis</strong></span> <span class='ocrx_word' id='word_1_246' title='bbox 2393 3113 2528 3149; x_wconf 80' lang='lat' dir='ltr'><strong>anno</strong></span> <span class='ocrx_word' id='word_1_247' title='bbox 2577 3114 2728 3150; x_wconf 81' lang='lat' dir='ltr'><strong>ncrx.</strong></span> 
     </span>
     <span class='ocr_line' id='line_1_31' title="bbox 514 3173 2729 3242; baseline 0 -19"><span class='ocrx_word' id='word_1_248' title='bbox 514 3179 681 3223; x_wconf 80' lang='lat'><strong>60.—‘</strong></span> <span class='ocrx_word' id='word_1_249' title='bbox 706 3173 850 3224; x_wconf 87' lang='lat' dir='ltr'><strong>Ante</strong></span> <span class='ocrx_word' id='word_1_250' title='bbox 883 3174 1082 3223; x_wconf 84' lang='lat' dir='ltr'><strong>Parilia</strong></span> <span class='ocrx_word' id='word_1_251' title='bbox 1120 3177 1240 3224; x_wconf 85' lang='lat' dir='ltr'><strong>anni</strong></span> <span class='ocrx_word' id='word_1_252' title='bbox 1281 3188 1427 3226; x_wconf 88' lang='lat' dir='ltr'><strong>cccc.</strong></span> <span class='ocrx_word' id='word_1_253' title='bbox 1467 3189 1582 3228; x_wconf 74' lang='lat' dir='ltr'><strong>xci.</strong></span> <span class='ocrx_word' id='word_1_254' title='bbox 1666 3191 1782 3225; x_wconf 89' lang='lat' dir='ltr'><strong>cum</strong></span> <span class='ocrx_word' id='word_1_255' title='bbox 1832 3191 1966 3225; x_wconf 83' lang='lat' dir='ltr'><strong>anno</strong></span> <span class='ocrx_word' id='word_1_256' title='bbox 2023 3175 2288 3240; x_wconf 71' lang='lat' dir='ltr'><strong>superiore</strong></span> <span class='ocrx_word' id='word_1_257' title='bbox 2333 3189 2532 3225; x_wconf 80' lang='lat' dir='ltr'><strong>novur.</strong></span> <span class='ocrx_word' id='word_1_258' title='bbox 2568 3184 2729 3242; x_wconf 81' lang='lat' dir='ltr'><strong>capta</strong></span> 
     </span>
    </p>
   </div>
   <div class='ocr_carea' id='block_1_11' title="bbox 516 3250 2730 3466">
    <p class='ocr_par' dir='ltr' id='par_1_12' title="bbox 516 3250 2730 3466">
     <span class='ocr_line' id='line_1_32' title="bbox 516 3250 2729 3314; baseline 0.001 -15"><span class='ocrx_word' id='word_1_259' title='bbox 516 3258 579 3300; x_wconf 89' lang='lat' dir='ltr'><strong>ut</strong></span> <span class='ocrx_word' id='word_1_260' title='bbox 600 3251 825 3300; x_wconf 80' lang='lat' dir='ltr'><strong>diximus</strong></span> <span class='ocrx_word' id='word_1_261' title='bbox 848 3264 950 3300; x_wconf 85' lang='lat' dir='ltr'><strong>vu.</strong></span> <span class='ocrx_word' id='word_1_262' title='bbox 971 3250 1072 3299; x_wconf 63' lang='grc'><strong>693</strong></span> <span class='ocrx_word' id='word_1_263' title='bbox 1109 3252 1205 3299; x_wconf 86' lang='lat' dir='ltr'><strong>Ed.</strong></span> <span class='ocrx_word' id='word_1_264' title='bbox 1222 3266 1319 3302; x_wconf 83' lang='lat' dir='ltr'><strong>sec.</strong></span> <span class='ocrx_word' id='word_1_265' title='bbox 1667 3253 1932 3314; x_wconf 81' lang='lat' dir='ltr'><strong>Carthago</strong></span> <span class='ocrx_word' id='word_1_266' title='bbox 1946 3259 2105 3301; x_wconf 85' lang='lat' dir='ltr'><strong>esset.</strong></span> <span class='ocrx_word' id='word_1_267' title='bbox 2142 3253 2197 3300; x_wconf 87' lang='lat' dir='ltr'><strong>Is</strong></span> <span class='ocrx_word' id='word_1_268' title='bbox 2209 3261 2290 3301; x_wconf 87' lang='lat' dir='ltr'><strong>est</strong></span> <span class='ocrx_word' id='word_1_269' title='bbox 2309 3252 2566 3301; x_wconf 82' lang='lat' dir='ltr'><strong>Hostilius</strong></span> <span class='ocrx_word' id='word_1_270' title='bbox 2583 3254 2729 3302; x_wconf 82' lang='lat' dir='ltr'><strong>Man·</strong></span> 
     </span>
     <span class='ocr_line' id='line_1_33' title="bbox 580 3326 2729 3392; baseline 0 -16"><span class='ocrx_word' id='word_1_271' title='bbox 580 3335 604 3359; x_wconf 87' lang='lat'>⁰</span> <span class='ocrx_word' id='word_1_272' title='bbox 654 3328 717 3376; x_wconf 89' lang='lat' dir='ltr'><strong>L.</strong></span> <span class='ocrx_word' id='word_1_273' title='bbox 768 3327 953 3390; x_wconf 78' lang='lat' dir='ltr'><strong>Scipio]</strong></span> <span class='ocrx_word' id='word_1_274' title='bbox 1013 3326 1298 3383; x_wconf 80' lang='lat' dir='ltr'><strong>Asiaticus,</strong></span> <span class='ocrx_word' id='word_1_275' title='bbox 1350 3326 1585 3378; x_wconf 81' lang='lat' dir='ltr'><strong>Africani</strong></span> <span class='ocrx_word' id='word_1_276' title='bbox 1667 3328 1835 3390; x_wconf 86' lang='lat' dir='ltr'><strong>ciuus,</strong></span> <span class='ocrx_word' id='word_1_277' title='bbox 1872 3327 1959 3391; x_wconf 90' lang='lat' dir='ltr'><strong>qui</strong></span> <span class='ocrx_word' id='word_1_278' title='bbox 2000 3327 2333 3376; x_wconf 80' lang='lat' dir='ltr'><strong>Numantinis</strong></span> <span class='ocrx_word' id='word_1_279' title='bbox 2358 3326 2568 3377; x_wconf 83' lang='lat' dir='ltr'><strong>deditus</strong></span> <span class='ocrx_word' id='word_1_280' title='bbox 2580 3329 2729 3392; x_wconf 87' lang='lat' dir='ltr'><strong>jussu</strong></span> 
     </span>
     <span class='ocr_line' id='line_1_34' title="bbox 517 3400 2730 3466; baseline 0.001 -16"><span class='ocrx_word' id='word_1_281' title='bbox 517 3402 704 3465; x_wconf 86' lang='lat' dir='ltr'><strong>prioris</strong></span> <span class='ocrx_word' id='word_1_282' title='bbox 727 3400 909 3451; x_wconf 82' lang='lat' dir='ltr'><strong>frater.</strong></span> <span class='ocrx_word' id='word_1_283' title='bbox 1666 3413 1898 3466; x_wconf 83' lang='lat' dir='ltr'><strong>senatus,</strong></span> <span class='ocrx_word' id='word_1_284' title='bbox 1922 3419 1953 3453; x_wconf 87' lang='lat' dir='ltr'><strong>a</strong></span> <span class='ocrx_word' id='word_1_285' title='bbox 1975 3404 2081 3453; x_wconf 85' lang='lat' dir='ltr'><strong>suis</strong></span> <span class='ocrx_word' id='word_1_286' title='bbox 2097 3404 2335 3452; x_wconf 87' lang='lat' dir='ltr'><strong>desertus</strong></span> <span class='ocrx_word' id='word_1_287' title='bbox 2360 3414 2482 3452; x_wconf 86' lang='lat' dir='ltr'><strong>ante</strong></span> <span class='ocrx_word' id='word_1_288' title='bbox 2502 3405 2730 3453; x_wconf 85' lang='lat' dir='ltr'><strong>Numan—</strong></span> 
     </span>
    </p>
   </div>
   <div class='ocr_carea' id='block_1_12' title="bbox 510 3479 2744 4314">
    <p class='ocr_par' dir='ltr' id='par_1_13' title="bbox 517 3479 2732 3696">
     <span class='ocr_line' id='line_1_35' title="bbox 581 3479 2731 3544; baseline -0.001 -15"><span class='ocrx_word' id='word_1_289' title='bbox 581 3488 610 3522; x_wconf 75' lang='grc' dir='ltr'>Ρ</span> <span class='ocrx_word' id='word_1_290' title='bbox 644 3480 844 3536; x_wconf 74' lang='lat' dir='ltr'><strong>Quando</strong></span> <span class='ocrx_word' id='word_1_291' title='bbox 865 3479 1011 3544; x_wconf 72' lang='lat' dir='ltr'><strong>filius</strong></span> <span class='ocrx_word' id='word_1_292' title='bbox 1044 3479 1169 3542; x_wconf 70' lang='lat' dir='ltr'><strong>qius]</strong></span> <span class='ocrx_word' id='word_1_293' title='bbox 1225 3479 1458 3530; x_wconf 81' lang='lat' dir='ltr'><strong>Africani</strong></span> <span class='ocrx_word' id='word_1_294' title='bbox 1488 3482 1586 3531; x_wconf 88' lang='lat' dir='ltr'><strong>sci·</strong></span> <span class='ocrx_word' id='word_1_295' title='bbox 1671 3480 1759 3529; x_wconf 79' lang='lat' dir='ltr'><strong>tiae</strong></span> <span class='ocrx_word' id='word_1_296' title='bbox 1785 3487 1982 3543; x_wconf 78' lang='lat' dir='ltr'><strong>portas,</strong></span> <span class='ocrx_word' id='word_1_297' title='bbox 2004 3494 2102 3528; x_wconf 92' lang='lat' dir='ltr'><strong>nec</strong></span> <span class='ocrx_word' id='word_1_298' title='bbox 2126 3486 2372 3542; x_wconf 85' lang='lat' dir='ltr'><strong>receptus</strong></span> <span class='ocrx_word' id='word_1_299' title='bbox 2394 3479 2460 3529; x_wconf 82' lang='lat' dir='ltr'><strong>ab</strong></span> <span class='ocrx_word' id='word_1_300' title='bbox 2478 3480 2731 3534; x_wconf 75' lang='lat' dir='ltr'><strong>hostibus,</strong></span> 
     </span>
     <span class='ocr_line' id='line_1_36' title="bbox 517 3555 2732 3621; baseline -0.001 -14"><span class='ocrx_word' id='word_1_301' title='bbox 517 3557 659 3608; x_wconf 85' lang='lat' dir='ltr'><strong>licet.</strong></span> <span class='ocrx_word' id='word_1_302' title='bbox 722 3556 857 3605; x_wconf 85' lang='lat' dir='ltr'><strong>Vide</strong></span> <span class='ocrx_word' id='word_1_303' title='bbox 884 3555 1085 3604; x_wconf 88' lang='lat' dir='ltr'><strong>Livium</strong></span> <span class='ocrx_word' id='word_1_304' title='bbox 1109 3555 1443 3605; x_wconf 79' lang='lat' dir='ltr'><strong>lib.xxxvn.</strong></span> <span class='ocrx_word' id='word_1_305' title='bbox 1469 3571 1589 3621; x_wconf 75' lang='lat' dir='ltr'><strong>pag.</strong></span> <span class='ocrx_word' id='word_1_306' title='bbox 1666 3556 2042 3620; x_wconf 83' lang='lat' dir='ltr'><strong>illacrymabile</strong></span> <span class='ocrx_word' id='word_1_307' title='bbox 2092 3556 2323 3618; x_wconf 82' lang='lat' dir='ltr'><strong>utrisque</strong></span> <span class='ocrx_word' id='word_1_308' title='bbox 2379 3558 2732 3619; x_wconf 75' lang='lat' dir='ltr'><strong>spectaculum</strong></span> 
     </span>
     <span class='ocr_line' id='line_1_37' title="bbox 520 3631 2496 3696; baseline -0.002 -12"><span class='ocrx_word' id='word_1_309' title='bbox 520 3637 638 3684; x_wconf 78' lang='grc'><strong>459.</strong></span> <span class='ocrx_word' id='word_1_310' title='bbox 659 3639 716 3682; x_wconf 88' lang='lat' dir='ltr'><strong>et</strong></span> <span class='ocrx_word' id='word_1_311' title='bbox 738 3632 1005 3682; x_wconf 84' lang='lat' dir='ltr'><strong>Valerium</strong></span> <span class='ocrx_word' id='word_1_312' title='bbox 1029 3631 1175 3681; x_wconf 80' lang='lat' dir='ltr'><strong>Max.</strong></span> <span class='ocrx_word' id='word_1_313' title='bbox 1198 3645 1262 3680; x_wconf 79' lang='grc' dir='ltr'><strong>ιι.</strong></span> <span class='ocrx_word' id='word_1_314' title='bbox 1284 3636 1368 3681; x_wconf 86' lang='grc'><strong>10.</strong></span> <span class='ocrx_word' id='word_1_315' title='bbox 1390 3637 1441 3682; x_wconf 77' lang='lat'><strong>2.</strong></span> <span class='ocrx_word' id='word_1_316' title='bbox 1467 3647 1591 3696; x_wconf 74' lang='lat' dir='ltr'><strong>pag.</strong></span> <span class='ocrx_word' id='word_1_317' title='bbox 1672 3632 1920 3696; x_wconf 78' lang='lat' dir='ltr'><strong>proebuit‚</strong></span> <span class='ocrx_word' id='word_1_318' title='bbox 1940 3640 1997 3681; x_wconf 90' lang='lat' dir='ltr'><strong>ut</strong></span> <span class='ocrx_word' id='word_1_319' title='bbox 2022 3632 2100 3682; x_wconf 89' lang='lat' dir='ltr'><strong>ait</strong></span> <span class='ocrx_word' id='word_1_320' title='bbox 2121 3631 2343 3680; x_wconf 78' lang='lat' dir='ltr'><strong>Orosius</strong></span> <span class='ocrx_word' id='word_1_321' title='bbox 2368 3645 2422 3680; x_wconf 83' lang='lat' dir='ltr'><strong>v.</strong></span> <span class='ocrx_word' id='word_1_322' title='bbox 2444 3637 2496 3681; x_wconf 72' lang='lat'><strong>4.</strong></span> 
     </span>
    </p>

    <p class='ocr_par' dir='ltr' id='par_1_14' title="bbox 510 3706 2741 4079">
     <span class='ocr_line' id='line_1_38' title="bbox 510 3706 2736 3772; baseline -0.001 -11"><span class='ocrx_word' id='word_1_323' title='bbox 510 3714 639 3762; x_wconf 77' lang='lat'><strong>184.</strong></span> <span class='ocrx_word' id='word_1_324' title='bbox 693 3709 871 3770; x_wconf 85' lang='lat' dir='ltr'><strong>Hunc,</strong></span> <span class='ocrx_word' id='word_1_325' title='bbox 894 3723 924 3756; x_wconf 88' lang='lat' dir='ltr'><strong>a</strong></span> <span class='ocrx_word' id='word_1_326' title='bbox 946 3706 1199 3758; x_wconf 86' lang='lat' dir='ltr'><strong>militibus</strong></span> <span class='ocrx_word' id='word_1_327' title='bbox 1221 3707 1593 3771; x_wconf 83' lang='lat' dir='ltr'><strong>interceptum,</strong></span> <span class='ocrx_word' id='word_1_328' title='bbox 1735 3716 1756 3741; x_wconf 80' lang='lat'>⁸</span> <span class='ocrx_word' id='word_1_329' title='bbox 1791 3709 1944 3759; x_wconf 76' lang='lat' dir='ltr'><strong>Ludis</strong></span> <span class='ocrx_word' id='word_1_330' title='bbox 1985 3708 2179 3757; x_wconf 74' lang='lat' dir='ltr'><strong>Claudii</strong></span> <span class='ocrx_word' id='word_1_331' title='bbox 2219 3708 2448 3771; x_wconf 70' lang='lat' dir='ltr'><strong>Pulchri]</strong></span> <span class='ocrx_word' id='word_1_332' title='bbox 2487 3709 2612 3772; x_wconf 89' lang='lat' dir='ltr'><strong>Ejus</strong></span> <span class='ocrx_word' id='word_1_333' title='bbox 2649 3710 2736 3759; x_wconf 86' lang='lat' dir='ltr'><strong>ille</strong></span> 
     </span>
     <span class='ocr_line' id='line_1_39' title="bbox 521 3784 2736 3851; baseline 0 -16"><span class='ocrx_word' id='word_1_334' title='bbox 521 3801 615 3835; x_wconf 79' lang='lat' dir='ltr'><strong>rex</strong></span> <span class='ocrx_word' id='word_1_335' title='bbox 651 3785 959 3849; x_wconf 81' lang='lat' dir='ltr'><strong>Antiochus,</strong></span> <span class='ocrx_word' id='word_1_336' title='bbox 1002 3784 1142 3835; x_wconf 89' lang='lat' dir='ltr'><strong>bello</strong></span> <span class='ocrx_word' id='word_1_337' title='bbox 1179 3785 1315 3850; x_wconf 87' lang='lat' dir='ltr'><strong>quod</strong></span> <span class='ocrx_word' id='word_1_338' title='bbox 1350 3799 1466 3835; x_wconf 85' lang='lat' dir='ltr'><strong>cnm</strong></span> <span class='ocrx_word' id='word_1_339' title='bbox 1492 3787 1592 3835; x_wconf 85' lang='lat' dir='ltr'><strong>Ro·</strong></span> <span class='ocrx_word' id='word_1_340' title='bbox 1676 3787 1881 3838; x_wconf 83' lang='lat' dir='ltr'><strong>Claudii</strong></span> <span class='ocrx_word' id='word_1_341' title='bbox 1905 3801 1996 3836; x_wconf 87' lang='lat' dir='ltr'><strong>seu</strong></span> <span class='ocrx_word' id='word_1_342' title='bbox 2021 3786 2190 3836; x_wconf 84' lang='lat' dir='ltr'><strong>Clodii</strong></span> <span class='ocrx_word' id='word_1_343' title='bbox 2216 3792 2368 3849; x_wconf 83' lang='lat' dir='ltr'><strong>pater</strong></span> <span class='ocrx_word' id='word_1_344' title='bbox 2388 3785 2509 3843; x_wconf 82' lang='lat' dir='ltr'><strong>fuit,</strong></span> <span class='ocrx_word' id='word_1_345' title='bbox 2533 3788 2736 3851; x_wconf 82' lang='lat' dir='ltr'><strong>quicum</strong></span> 
     </span>
     <span class='ocr_line' id='line_1_40' title="bbox 521 3861 2739 3926; baseline -0.001 -13"><span class='ocrx_word' id='word_1_346' title='bbox 521 3864 689 3913; x_wconf 87' lang='lat' dir='ltr'><strong>manis</strong></span> <span class='ocrx_word' id='word_1_347' title='bbox 724 3863 965 3926; x_wconf 83' lang='lat' dir='ltr'><strong>gerebat,</strong></span> <span class='ocrx_word' id='word_1_348' title='bbox 1007 3862 1396 3914; x_wconf 80' lang='lat' dir='ltr'><strong>honoratissime</strong></span> <span class='ocrx_word' id='word_1_349' title='bbox 1432 3880 1589 3915; x_wconf 76' lang='lat' dir='ltr'><strong>exce·</strong></span> <span class='ocrx_word' id='word_1_350' title='bbox 1671 3877 1856 3926; x_wconf 75' lang='lat' dir='ltr'><strong>graves</strong></span> <span class='ocrx_word' id='word_1_351' title='bbox 1880 3862 2173 3911; x_wconf 78' lang='lat' dir='ltr'><strong>inimicitias</strong></span> <span class='ocrx_word' id='word_1_352' title='bbox 2189 3861 2497 3911; x_wconf 84' lang='lat' dir='ltr'><strong>Ciceronem</strong></span> <span class='ocrx_word' id='word_1_353' title='bbox 2515 3865 2739 3924; x_wconf 79' lang='lat' dir='ltr'><strong>gessisse</strong></span> 
     </span>
     <span class='ocr_line' id='line_1_41' title="bbox 524 3935 2738 4004; baseline -0.002 -14"><span class='ocrx_word' id='word_1_354' title='bbox 524 3941 623 4004; x_wconf 89' lang='lat' dir='ltr'><strong>pit,</strong></span> <span class='ocrx_word' id='word_1_355' title='bbox 644 3939 904 4003; x_wconf 77' lang='lat' dir='ltr'><strong>regiisque</strong></span> <span class='ocrx_word' id='word_1_356' title='bbox 929 3940 1225 3990; x_wconf 84' lang='lat' dir='ltr'><strong>muneribus</strong></span> <span class='ocrx_word' id='word_1_357' title='bbox 1245 3940 1492 3991; x_wconf 85' lang='lat' dir='ltr'><strong>donatum</strong></span> <span class='ocrx_word' id='word_1_358' title='bbox 1514 3943 1592 3991; x_wconf 88' lang='lat' dir='ltr'><strong>ul·</strong></span> <span class='ocrx_word' id='word_1_359' title='bbox 1671 3946 1854 3987; x_wconf 87' lang='lat' dir='ltr'><strong>notum</strong></span> <span class='ocrx_word' id='word_1_360' title='bbox 1878 3945 1979 3987; x_wconf 84' lang='lat' dir='ltr'><strong>est.</strong></span> <span class='ocrx_word' id='word_1_361' title='bbox 2067 3938 2150 3987; x_wconf 86' lang='lat' dir='ltr'><strong>De</strong></span> <span class='ocrx_word' id='word_1_362' title='bbox 2171 3937 2249 3984; x_wconf 81' lang='lat' dir='ltr'><strong>liis</strong></span> <span class='ocrx_word' id='word_1_363' title='bbox 2272 3935 2427 3992; x_wconf 84' lang='lat' dir='ltr'><strong>ludis,</strong></span> <span class='ocrx_word' id='word_1_364' title='bbox 2450 3945 2738 4002; x_wconf 84' lang='lat' dir='ltr'><strong>ornatuque</strong></span> 
     </span>
     <span class='ocr_line' id='line_1_42' title="bbox 527 4013 2741 4079; baseline -0.002 -12"><span class='ocrx_word' id='word_1_365' title='bbox 527 4024 611 4067; x_wconf 88' lang='lat' dir='ltr'><strong>tro</strong></span> <span class='ocrx_word' id='word_1_366' title='bbox 634 4025 690 4066; x_wconf 87' lang='lat' dir='ltr'><strong>et</strong></span> <span class='ocrx_word' id='word_1_367' title='bbox 711 4017 959 4065; x_wconf 82' lang='lat' dir='ltr'><strong>celeriter</strong></span> <span class='ocrx_word' id='word_1_368' title='bbox 983 4018 1119 4078; x_wconf 90' lang='lat' dir='ltr'><strong>patri</strong></span> <span class='ocrx_word' id='word_1_369' title='bbox 1146 4017 1361 4066; x_wconf 85' lang='lat' dir='ltr'><strong>remisit.</strong></span> <span class='ocrx_word' id='word_1_370' title='bbox 1674 4016 2018 4079; x_wconf 84' lang='lat' dir='ltr'><strong>picturarum,</strong></span> <span class='ocrx_word' id='word_1_371' title='bbox 2041 4015 2216 4063; x_wconf 80' lang='lat' dir='ltr'><strong>Valer.</strong></span> <span class='ocrx_word' id='word_1_372' title='bbox 2241 4013 2388 4062; x_wconf 81' lang='lat' dir='ltr'><strong>Max·</strong></span> <span class='ocrx_word' id='word_1_373' title='bbox 2411 4026 2475 4062; x_wconf 84' lang='grc' dir='ltr'><strong>ιι.</strong></span> <span class='ocrx_word' id='word_1_374' title='bbox 2492 4017 2541 4063; x_wconf 74' lang='grc' dir='ltr'><strong>Δ.</strong></span> <span class='ocrx_word' id='word_1_375' title='bbox 2557 4018 2608 4063; x_wconf 91' lang='grc'><strong>6.</strong></span> <span class='ocrx_word' id='word_1_376' title='bbox 2629 4029 2741 4078; x_wconf 76' lang='lat' dir='ltr'><strong>pag.</strong></span> 
     </span>
    </p>

    <p class='ocr_par' dir='ltr' id='par_1_15' title="bbox 524 4090 2744 4314">
     <span class='ocr_line' id='line_1_43' title="bbox 589 4090 2740 4158; baseline -0.001 -16"><span class='ocrx_word' id='word_1_377' title='bbox 589 4102 615 4136; x_wconf 67' lang='grc' dir='ltr'><strong>(ι</strong></span> <span class='ocrx_word' id='word_1_378' title='bbox 649 4091 924 4155; x_wconf 75' lang='lat' dir='ltr'><strong>AEmilinni]</strong></span> <span class='ocrx_word' id='word_1_379' title='bbox 972 4093 1234 4154; x_wconf 80' lang='lat' dir='ltr'><strong>Scipionis</strong></span> <span class='ocrx_word' id='word_1_380' title='bbox 1258 4092 1530 4144; x_wconf 77' lang='lat' dir='ltr'><strong>Africani’</strong></span> <span class='ocrx_word' id='word_1_381' title='bbox 1507 4110 1598 4158; x_wconf 55' lang='grc' dir='ltr'>,ιιι-</span> <span class='ocrx_word' id='word_1_382' title='bbox 1674 4095 1761 4142; x_wconf 87' lang='grc'><strong>99.</strong></span> <span class='ocrx_word' id='word_1_383' title='bbox 1818 4090 1834 4117; x_wconf 91' lang='lat'>‘</span> <span class='ocrx_word' id='word_1_384' title='bbox 1855 4092 1918 4142; x_wconf 86' lang='lat' dir='ltr'><strong>C.</strong></span> <span class='ocrx_word' id='word_1_385' title='bbox 1961 4091 2193 4140; x_wconf 77' lang='lat' dir='ltr'><strong>Pulcher</strong></span> <span class='ocrx_word' id='word_1_386' title='bbox 2236 4103 2448 4139; x_wconf 83' lang='lat' dir='ltr'><strong>scenam</strong></span> <span class='ocrx_word' id='word_1_387' title='bbox 2494 4092 2740 4140; x_wconf 81' lang='lat' dir='ltr'><strong>varietate</strong></span> 
     </span>
     <span class='ocr_line' id='line_1_44' title="bbox 525 4166 2744 4237; baseline 0.001 -17"><span class='ocrx_word' id='word_1_388' title='bbox 525 4171 703 4220; x_wconf 88' lang='lat' dir='ltr'><strong>nioris.</strong></span> <span class='ocrx_word' id='word_1_389' title='bbox 751 4168 828 4229; x_wconf 81' lang='lat' dir='ltr'><strong>Is,</strong></span> <span class='ocrx_word' id='word_1_390' title='bbox 851 4168 1041 4221; x_wconf 82' lang='lat' dir='ltr'><strong>AEmilii</strong></span> <span class='ocrx_word' id='word_1_391' title='bbox 1061 4171 1232 4232; x_wconf 86' lang='lat' dir='ltr'><strong>Pauli,</strong></span> <span class='ocrx_word' id='word_1_392' title='bbox 1245 4171 1417 4237; x_wconf 84' lang='lat' dir='ltr'><strong>quide</strong></span> <span class='ocrx_word' id='word_1_393' title='bbox 1434 4173 1596 4224; x_wconf 84' lang='lat' dir='ltr'><strong>Perse</strong></span> <span class='ocrx_word' id='word_1_394' title='bbox 1679 4169 1911 4218; x_wconf 77' lang='lat' dir='ltr'><strong>colorum</strong></span> <span class='ocrx_word' id='word_1_395' title='bbox 1929 4166 2277 4230; x_wconf 62' lang='lat' dir='ltr'><strong>adumbrtvit‚</strong></span> <span class='ocrx_word' id='word_1_396' title='bbox 2299 4170 2477 4218; x_wconf 65' lang='lat' dir='ltr'><strong>vacuis</strong></span> <span class='ocrx_word' id='word_1_397' title='bbox 2494 4177 2619 4218; x_wconf 74' lang='lat' dir='ltr'><strong>ante</strong></span> <span class='ocrx_word' id='word_1_398' title='bbox 2640 4169 2744 4232; x_wconf 74' lang='lat' dir='ltr'><strong>pic·</strong></span> 
     </span>
     <span class='ocr_line' id='line_1_45' title="bbox 524 4242 2338 4314; baseline -0.003 -15"><span class='ocrx_word' id='word_1_399' title='bbox 524 4244 940 4311; x_wconf 81' lang='lat' dir='ltr'><strong>Macedoniaque</strong></span> <span class='ocrx_word' id='word_1_400' title='bbox 957 4246 1312 4311; x_wconf 80' lang='lat' dir='ltr'><strong>triumphavit,</strong></span> <span class='ocrx_word' id='word_1_401' title='bbox 1328 4247 1483 4314; x_wconf 82' lang='lat' dir='ltr'><strong>filius,</strong></span> <span class='ocrx_word' id='word_1_402' title='bbox 1503 4263 1599 4313; x_wconf 88' lang='lat' dir='ltr'><strong>per</strong></span> <span class='ocrx_word' id='word_1_403' title='bbox 1682 4252 1798 4295; x_wconf 85' lang='lat' dir='ltr'><strong>tura</strong></span> <span class='ocrx_word' id='word_1_404' title='bbox 1818 4244 2008 4296; x_wconf 84' lang='lat' dir='ltr'><strong>tabulis</strong></span> <span class='ocrx_word' id='word_1_405' title='bbox 2031 4242 2338 4297; x_wconf 56' lang='lat' dir='ltr'><strong>extentam?</strong></span> 
     </span>
    </p>
   </div>
   <div class='ocr_carea' id='block_1_13' title="bbox 2958 923 2971 2449">
    <p class='ocr_par' dir='ltr' id='par_1_16' title="bbox 2958 923 2971 2449">
     <span class='ocr_line' id='line_1_46' title="bbox 2958 923 2971 2449; baseline 0 0"><span class='ocrx_word' id='word_1_406' title='bbox 2958 923 2971 2449; x_wconf 95' lang='lat' dir='ltr'><strong> </strong></span> 
     </span>
    </p>
   </div>
   <div class='ocr_carea' id='block_1_14' title="bbox 2960 3760 2969 4875">
    <p class='ocr_par' dir='ltr' id='par_1_17' title="bbox 2960 3760 2969 4875">
     <span class='ocr_line' id='line_1_47' title="bbox 2960 3760 2969 4875; baseline 0 0"><span class='ocrx_word' id='word_1_407' title='bbox 2960 3760 2969 4875; x_wconf 95' lang='lat' dir='ltr'><strong> </strong></span> 
     </span>
    </p>
   </div>
  </div>
 </body>
</html>
