3000 4917
495 377 670 444 4910
1371 424 1376 429 .
1462 384 1711 434 mnnx

494 537 874 596 annumeratus,
889 545 929 583 1.
950 534 1000 581 1.
1051 527 1202 580 Idem
1236 526 1305 578 de
1341 525 1654 581 educatione
1691 539 1967 592 puerorum
2003 527 2276 647 scripsisse
2300 529 2498 582 dicitnr
2522 545 2555 581 a
2578 529 2706 581 Phi·

493 618 714 667 lostrato
734 614 802 663 de
815 614 943 664 Vita
966 610 1138 675 Apoll.
1160 623 1240 659 vr.
1265 612 1344 659 14.
1365 623 1418 672 p.
1440 613 1559 658 806.

558 697 888 757 Aristagoras.
929 691 1152 756 Scripsit
1187 689 1511 753 AEgyptiaca,
1540 700 1754 753 qnorum
1777 689 2072 753 Stephanus
2094 640 2367 742 meminit
2352 705 2405 740 ιιι
2427 689 2703 755 Thermos,

496 783 552 827 et
575 775 697 826 alibi
718 788 878 839 saepe.
908 775 988 824 Eo
1012 773 1067 823 in
1089 784 1266 835 opere
1262 769 1387 834 egit
1407 769 1473 820 de
1493 770 1871 835 pyramidibus,
1886 785 1956 820 ex
1978 785 2081 835 qno
2098 771 2262 821 multa
2278 770 2489 821 Plinius
2513 773 2709 823 recitat

495 870 698 908 xxxvl.
722 860 802 907 17.
833 868 936 920 qno
967 851 1246 916 err-capite
1278 850 1564 914 colligimus
1593 848 1756 899 fnisse
1787 849 2009 901 Doridis
2041 850 2203 901 Samii
2226 851 2512 914 aqualem.
2550 857 2706 916 atque

495 938 627 991 adeo
647 935 885 987 floruisse
901 948 1025 998 rege
1047 930 1264 997 AEgypti
1286 929 1652 995 Philadelpho,
1673 931 1889 996 Olymp-
1910 930 2123 982 circiter
2144 944 2343 982 can.

559 1017 862 1078 Aristander,
894 1013 1114 1064 Varroni
1145 1019 1202 1062 et
1235 1011 1536 1061 Columellas
1564 1011 1634 1061 de
1656 1011 1734 1060 Re
1762 1011 1911 1061 Rust.
1933 1025 1976 1062 1.
2008 1010 2348 1062 Aristandrns
2373 1009 2709 1062 Atheniensis

496 1096 687 1159 dictus,
706 1097 845 1147 inter
860 1094 1144 1161 scriptores
1163 1092 1260 1144 Rei
1285 1091 1537 1143 Rustica.
1586 1091 1810 1157 Scripsit
1830 1097 1888 1143 et
1908 1091 1976 1143 de
1999 1091 2275 1156 portentis,
2295 1099 2520 1142 anctore
2539 1092 2711 1142 Plinio

496 1180 874 1308 ¹¹31„me
891 1254 1183 1320 Sicyonius,
1203 1253 1257 1302 in
1280 1251 1465 1303 Indice
1490 1250 1582 1301 lib.
1604 1264 1661 1301 v.
1727 1251 1816 1300 De
1848 1206 2004 1301 rebus
2024 1250 2411 1316 Geographieis
2432 1251 2705 1315 scripsisse

495 1335 718 1387 videtur.
762 1336 998 1386 Eundem
1021 1349 1137 1386 esse
1153 1333 1408 1398 suspicor,
1429 1346 1583 1396 qnem
1605 1329 1893 1382 Pausanias
1915 1330 2010 1383 lib.
2029 1345 2084 1382 v.
2105 1346 2159 1397 p.
2180 1335 2300 1384 326.
2323 1346 2499 1383 rernm
2526 1332 2707 1397 Olym·

495 1414 726 1479 picarum
749 1416 1056 1480 scriptorem
1078 1413 1331 1479 appellat.

560 1495 781 1546 Aristeas
811 1495 1069 1546 Castrobii
1101 1493 1253 1557 filins,
1286 1489 1671 1543 Proconnesius
1705 1490 1884 1555 poeta,
1907 1491 2077 1557 inquit
2100 1490 2409 1543 Herodotus
2431 1492 2526 1543 lib.
2552 1505 2632 1542 tv.
2654 1506 2706 1555 p.

492 1580 612 1626 220.
631 1575 842 1640 scripsit
862 1574 1170 1640 Ἀριμάσπεα
1190 1571 1454 1624 carmina:
1455 1570 1748 1632 Θεογονίαν
1781 1570 2015 1621 versibus
2037 1570 2150 1622 fere
2172 1573 2334 1622 mille.
2399 1573 2555 1623 Vixit
2579 1580 2708 1621 tem·

495 1655 708 1721 poribus
729 1656 856 1720 Cyri
877 1664 934 1707 et
958 1655 1139 1708 Croesi.
1171 1652 1308 1703 Vide
1329 1651 1543 1709 Suidam
1567 1665 1620 1715 p.
1637 1654 1768 1701 426.-
1784 1650 1996 1702 Vidisse
2018 1666 2076 1703 se
2096 1650 2330 1704 Arlstem
2350 1653 2519 1704 libros
2545 1661 2708 1704 testa·

497 1743 585 1785 tur
605 1736 809 1786 Gellius
830 1749 916 1786 ιι.
933 1740 983 1787 4.
1006 1751 1060 1800 p.
1080 1738 1198 1785 461.
1247 1733 1337 1782 De
1360 1745 1423 1781 eo
1444 1732 1599 1794 plura
1615 1730 1681 1780 ad
1704 1731 1863 1781 Plinii
1885 1744 1990 1782 vu.
2012 1736 2064 1781 2.

560 1815 807 1866 Aristides
839 1817 1010 1880 patria
1039 1814 1277 1866 Milesius
1308 1811 1433 1862 fnit.
1497 1811 1725 1874 Scripsit
1756 1811 1915 1862 libros
1947 1825 2119 1862 rerum
2151 1811 2465 1875 Sicularum,
2491 1811 2709 1863 Italica-

495 1911 628 1961 rum,
648 1910 710 1946 ac
731 1894 1082 1958 Persicorum,
1119 1908 1241 1959 qnae
1269 1892 1452 1943 laudat
1478 1891 1795 1943 Plutarchus
1825 1892 1882 1942 in
1919 1891 2214 1957 Parallells,
2252 1907 2305 1957 p.
2339 1896 2457 1943 306.
2498 1901 2555 1942 et
2579 1893 2705 1942 alibi

495 1976 706 2041 passim.
735 1975 963 2039 Scripsit
983 1981 1043 2024 et
1064 1972 1389 2036 Milesiacos,
1408 1971 1660 2022 lascivum
1681 1986 1834 2037 opus,
1855 1978 1916 2024 nt
1947 1972 2024 2023 ait
2061 1971 2198 2022 idem
2235 1972 2382 2022 Plut.
2413 1971 2466 2022 in
2493 1972 2708 2045 Crasso,

497 2072 552 2121 p.
571 2060 688 2107 664.
718 2053 1009 2106 Aristidem
1040 2053 1221 2103 laudat
1250 2050 1469 2104 Pindari
1497 2052 1813 2104 Scholiastes
1851 2067 1907 2118 p.
1932 2056 2049 2103 216.
2080 2052 2133 2102 ἐν
2163 2070 2233 2116 w
2252 2051 2358 2117 περὶ
2391 2051 2706 2121 Rufio-›m-

497 2136 758 2200 γράμματι.
810 2135 1003 2186 AEtatis
1024 2136 1265 2185 ineertae.
1979 2168 2004 2179 .

559 2220 868 2271 Arietem-m
889 2218 1187 2279 Terrarum,
1210 2217 1294 2266 vel
1313 2213 1515 2267 Africae
1537 2221 1704 2279 certe,
1725 2216 1882 2268 sitnm
1922 2215 2263 2281 descripsisse
2297 2216 2552 2269 videtur.
2588 2229 2704 2267 cnm

495 2299 738 2350 laudetur
760 2313 793 2347 a
814 2296 1029 2348 Plinio
1015 2312 1068 2346 ιιι
1088 2309 1251 2361 opere
1273 2295 1662 2362 Geogrsphico,
1684 2311 1739 2347 v.
1762 2301 1840 2347 10.
1861 2303 1918 2347 et
1938 2311 2017 2348 vr.
2038 2302 2121 2349 36.

562 2377 902 2430 Aristocritum.
956 2378 1394 2429 commentarium
1413 2377 1644 2429 edidisse
1666 2378 1734 2427 de
1755 2378 1965 2442 Mileto,
1993 2376 2179 2430 scribit
2208 2377 2472 2444 Apollonii
2508 2378 2708 2431 Scholi-

498 2465 639 2510 astes
664 2459 731 2508 ad
756 2473 799 2509 1.
821 2462 936 2509 186.

559 2538 888 2602 Ariaogenes,
911 2536 1136 2590 Gnidins
1158 2554 1190 2589 a
1212 2539 1322 2590 solo
1345 2539 1528 2596 natali,
1550 2553 1582 2590 a
1605 2538 1850 2589 diuturna
1882 2539 2289 2594 commoratione
2323 2538 2464 2589 idem
2487 2539 2708 2597 Thasius

494 2618 673 2695 Snidm
696 2619 1012 2683 appellatus,
1046 2634 1103 2683 p.
1123 2622 1241 2670 428.
1292 2619 1573 2683 Chrysippi
1594 2619 1881 2684 philosophi
1905 2632 2108 2683 servus,
2130 2627 2186 2668 et
2207 2618 2348 2669 idem
2370 2618 2535 2683 Regis
2558 2620 2708 2670 Anti·

495 2698 618 2762 goni
641 2699 898 2749 Goneatae
921 2699 1174 2749 medicus.
1223 2699 1430 2749 Flornit
1453 2698 1766 2764 Olympiade
1788 2711 1957 2750 cxxv.
2004 2698 2229 2763 Scripsit
2250 2699 2414 2750 multa
2434 2699 2506 2749 de
2531 2699 2707 2750 Rebus

495 2777 721 2827 Medicis
741 2794 757 2827 ι
793 2779 849 2828 in
870 2779 966 2842 his,
984 2777 1310 2829 Auxiliorum
1333 2778 1664 2828 Naturalium
1690 2778 1982 2844 Epitomen‚
2003 2781 2218 2840 φυσικῶν
2232 2777 2572 2843 βοηθημάτων,
2595 2780 2708 2844 πρὸς

497 2857 794 2920 Ἀντίγονον.
840 2859 924 2908 De
949 2859 1223 2909 Facultate
1242 2857 1889 2922 Medicamentornm‚s·rpl
1908 2857 2161 2920 δυνάμεως.
2194 2862 2277 2911 De
2299 2863 2575 2912 venenatis
2600 2863 2707 2913 ani-

494 2938 738 3002 malibus,
756 2937 862 3003 τερὶ
882 2941 1108 2998 danudon,
1130 2947 1184 2989 et
1209 2939 1329 2999 alia,
1351 2938 1418 2989 de
1441 2939 1630 3003 quibus
1652 2939 1835 2989 Snidas
1858 2941 1961 2997 loc.
1983 2940 2079 2991 cit.

560 3018 885 3082 Aristogiton,
910 3019 1118 3070 Graecis
1149 3019 1512 3083 Ἀριστογεὺτυν
1544 3019 1805 3078 Medicus,
1837 3020 1889 3070 in
1922 3020 2109 3071 Indice
2143 3021 2235 3072 lib.
2257 3035 2448 3074 xxvn
2467 3028 2527 3073 et
2548 3025 2704 3072 c.14.

496 3099 730 3163 ejusdem
753 3100 894 3157 libri,
917 3101 1091 3150 Plinio
1113 3107 1440 3161 memoratus.

559 3178 943 3243 Aristomachus,
978 3181 1153 3245 patria
1182 3181 1413 3231 Solensis
1445 3181 1781 3246 Melitnrgica
1814 3180 2083 3247 scripsisse
2107 3180 2335 3234 dieitur
2321 3196 2375 3232 ιιι
2400 3182 2592 3233 Indice
2615 3134 2703 3232 116.

495 3272 578 3309 xr.
593 3260 658 3309 et
677 3274 796 3323 cap.
818 3264 868 3310 0.
893 3261 1128 3325 ejusdem
1152 3260 1307 3310 libri·
1344 3261 1491 3325 cnjus
1512 3262 1684 3327 operis
1708 3268 1765 3313 et
1796 3262 2078 3313 Columella
2097 3262 2354 3327 meminit,
2375 3276 2456 3313 rx.
2472 3267 2565 3326 13.
2617 3264 2702 3313 De

499 3340 767 3390 conditura
787 3341 895 3390 vini
917 3342 970 3390 in
994 3340 1178 3392 Indice
1198 3340 1290 3391 lib.
1309 3354 1405 3391 xv.

560 3417 917 3469 Aristomachus
938 3419 1074 3469 alter
1096 3420 1449 3484 Atheniensis,
1469 3418 1539 3470 de
1560 3436 1665 3487 qno
1695 3422 1894 3472 Plinius
1931 3423 1986 3474 in
2023 3422 2206 3474 Indice
2228 3422 2320 3473 lib.
2345 3437 2478 3475 xm.
2500 3431 2557 3474 et
2580 3437 2696 3487 cap.

495 3500 583 3549 47.
604 3498 840 3562 ejusdem
864 3499 1000 3549 libri.
1067 3501 1152 3550 De
1176 3501 1385 3551 Plantis
1408 3502 1674 3566 scripsisse
1698 3501 1921 3553 videtur.

559 3579 905 3643 Aristophanes
926 3580 1164 3632 Milesius.
1197 3580 1287 3631 Ita
1305 3595 1408 3631 nno
1429 3578 1681 3633 consensu
1705 3584 1826 3633 libri
1847 3597 2025 3634 omnes
2042 3584 2192 3648 editi,
2208 3591 2264 3634 et
2281 3599 2440 3636 mann
2460 3583 2693 3635 exarati:

497 3668 714 3725 quornm
739 3660 1036 3710 auctoritati
1056 3669 1196 3711 stare
1229 3662 1270 3710 si
1298 3663 1411 3728 quis
1441 3664 1686 3726 voluerit,
1718 3679 1784 3712 ex
1821 3665 1885 3714 iis
1907 3665 2192 3715 Varronem
2216 3665 2540 3731 emendabit,
2562 3664 2701 3730 apud

498 3754 650 3805 quem
673 3753 778 3789 non
798 3739 1034 3790 Milesius
1056 3741 1164 3803 ille,
1186 3740 1277 3790 sed
1296 3742 1564 3806 Mallotes,
1584 3758 1650 3793 ex
1683 3744 1848 3794 Mallo
1869 3745 2107 3795 nimirum
2130 3745 2328 3797 Ciliciae
2359 3746 2579 3811 oppido,
2611 3760 2702 3809 ap-

496 3819 741 3881 pellatur,
762 3834 803 3871 1.
830 3826 877 3871 1.
902 3821 990 3873 ubi
1016 3820 1233 3873 ‚eosdem
1266 3823 1335 3873 de
1368 3823 1687 3887 agricultura
1718 3825 1997 3889 scriptores
2034 3834 2293 3883 recenset,
2333 3842 2465 3891 qnos
2498 3825 2701 3877 Plinius

494 3897 677 3948 laudat
711 3900 764 3947 in
799 3898 984 3951 Indice
1021 3901 1111 3952 lib.
1131 3915 1256 3952 vm.
1291 3901 1693 3966 Aristophanem
1730 3906 1867 3955 hunc
1903 3904 2071 3969 ipsum
2105 3907 2158 3956 ἐν
2186 3908 2289 3956 τοῖς
2320 3908 2550 3972 Γεωργοῖς
2578 3906 2701 3957 citat

497 3975 760 4026 Theocriti
780 3978 1098 4032 scholiastes
1120 3982 1186 4031 ad
1208 3982 1367 4047 Idyn.
1392 3996 1436 4033 1.
1456 3987 1547 4034 48.
2043 4028 2050 4034 .

556 4057 903 4119 Aristophanes
923 4061 1010 4111 ille
1033 4063 1216 4125 priscae
1239 4063 1521 4115 Comoediae
1543 4063 1702 4127 poeta
1728 4065 2041 4127 notissimus,
2061 4071 2124 4116 ut
2142 4067 2216 4116 ait
2238 4065 2379 4116 Plin.
2402 4079 2532 4118 xxx.
2556 4071 2636 4117 16.

562 4135 861 4195 Aristoteles,
900 4142 1175 4205 Stagirites
1220 4143 1326 4201 ille,
1365 4144 1603 4194 Platonis
1657 4147 1975 4211 magisterio,
2018 4146 2349 4207 institutione
2394 4146 2698 4212 Alexandri,

498 4214 684 4266 scholae
709 4217 1082 4282 Peripateticae
1108 4222 1417 4274 celebritate
1438 4224 1675 4289 insignis.
1742 4227 1823 4277 De
1845 4242 1947 4292 quo
1969 4228 2099 4278 satis
2120 4227 2284 4278 multa
2305 4227 2408 4278 alii.
