3000 4917
2331 370 2505 437 4427

305 527 548 592 Antias
580 527 853 611 quidem
881 527 960 591 L.
994 527 1343 606 Crassum,
1387 527 1721 593 haeredem
1761 528 1845 593 L.
1891 526 2123 593 Crassi
2175 530 2503 606 oratoris,e

302 629 516 714 multa
545 630 749 693 etiam
773 629 1061 693 triclinia
1091 634 1297 693 aerata
1320 627 1721 694 vendidisse.
1809 628 1919 693 Ex
1949 647 2081 693 aere
2105 628 2501 694 factitavere

301 733 365 793 et
393 726 740 807 cortinaS,f
783 730 1121 814 tripodum
1164 731 1430 794 nomine
1484 730 1886 813 Delphicae,
1936 731 2250 812 quoniam
2306 730 2501 795 donis

299 833 594 895 maxime
632 831 982 913 Apollinis
1017 832 1342 915 Delphici
1373 832 1784 896 dicabantur.
1872 831 2200 896 Placuere
2230 837 2303 895 et
2317 831 2501 915 lych—

296 932 543 996 nuchi⁸
587 933 881 1017 pensiles
909 935 979 997 in
1003 934 1326 1011 delubris,
1363 939 1477 998 aut
1523 934 1871 998 arborum¹
1918 932 2121 997 modo
2174 932 2359 996 mala
2404 931 2493 996 fe·

296 1032 588 1098 rentium
614 1034 958 1098 lucentes:
1006 1034 1225 1118 qualis
1276 1040 1380 1099 est
1430 1034 1500 1098 in
1547 1035 1796 1118 templo
1850 1033 2191 1118 Apollinis
2239 1033 2501 1098 Palati-

292 1130 418 1211 ni‚¹²
462 1133 648 1217 quod
708 1132 1102 1218 Alexander
1164 1134 1459 1218 Magnus
1526 1135 1914 1201 Thebarum
1991 1136 2498 1219 expugnatione

295 1240 568 1319 captum
601 1237 667 1300 in
692 1234 903 1319 Cyme
937 1236 1285 1301 dicaverat
1314 1237 1530 1302 eidem
1568 1239 1741 1303 Deo.

385 1351 499 1399 lx.
528 1341 586 1415 (1
597 1334 700 1420 v.)
724 1336 1025 1403 Transiit
1046 1337 1282 1403 deinde
1301 1357 1407 1402 ars
1426 1340 1677 1423 ubique
1698 1339 1898 1422 vulgo
1918 1339 2006 1403 ad
2036 1338 2284 1422 effigies
2317 1329 2497 1404 Deo-

291 1455 463 1500 rum.
553 1437 798 1502 Romae
835 1439 1269 1504 simulacrum
1311 1459 1398 1504 ex
1453 1460 1590 1505 aere
1643 1442 1892 1505 sactum
1931 1440 2159 1506 Cereri
2207 1441 2497 1525 primum

291 1539 556 1621 reperio
609 1559 701 1604 ex
745 1540 1013 1625 peculio
1042 1540 1162 1624 Sp.
1193 1538 1466 1621 Cassii,¹
1513 1562 1708 1626 quem
1746 1561 2022 1624 regnum
2077 1541 2497 1609 affectantem

867 382 1039 432 uxr.
1086 381 1285 432 msr.
1337 383 1480 432 ms.
1533 382 1822 433 xxxrv.
1862 369 1929 434 9.

1215 1704 1368 1725 ΜΝ
1373 1704 1555 1728 “Ouo

354 1818 488 1869 Cu».
510 1832 637 1868 vm.
706 1824 728 1867 1
769 1819 917 1871 Ms.1
947 1820 1057 1869 clini
1088 1836 1220 1884 pens.
1241 1823 1292 1872 in
1314 1824 1405 1873 del.
1440 1823 1677 1876 arborum.
1737 1822 1926 1873 vet-et
1946 1820 2048 1871 arb.
2069 1822 2193 1870 mod.
2219 1820 2402 1880 mser.
2424 1822 2495 1873 lu·

287 1894 442 1932 cerm
456 1899 474 1933 .·
496 1890 553 1934 et
570 1898 710 1949 mox,
731 1899 872 1949 qaam
943 1887 1039 1935 lex.
1059 1889 1141 1950 ἃμ.
1159 1887 1382 1952 captum?
1414 1890 1604 1939 Dalee.

1298 2035 1515 2087 NOTAE

284 2124 452 2175 lectos
475 2131 690 2189 aeratos,
709 2133 910 2178 vestem
933 2129 1214 2193 stragulam
1241 2144 1358 2194 pre-

288 2200 489 2263 tiosam,
508 2205 910 2266 ...monopodia,
939 2214 997 2256 et
1029 2205 1216 2257 abacos
1256 2207 1357 2257 Ro·

285 2290 419 2326 mam
443 2277 808 2342 advexerunt,'
831 2284 935 2332 dte.

347 2361 369 2386 θ
400 2353 463 2402 L.
498 2355 669 2404 Crassi
693 2356 942 2419 cratoris]
976 2358 1063 2407 De
1101 2373 1202 2423 qno
1224 2359 1357 2409 dixi-

283 2442 395 2477 mus
433 2443 602 2480 xvm.
649 2435 698 2481 3.
751 2431 806 2481 Is
839 2433 1094 2483 Licinium
1119 2434 1357 2487 Crassum

282 2504 581 2568 Scipionem
616 2521 686 2556 ex
718 2506 833 2557 filia
871 2516 1116 2571 nepotem
1140 2511 1356 2575 adopta·

283 2580 376 2643 vit,
393 2580 763 2647 haeredemque
778 2584 1020 2646 instituit,
1038 2586 1204 2635 virum
1219 2602 1356 2637 sum-

281 2669 364 2704 mo
386 2657 617 2723 iugenio,
639 2664 778 2709 teste
800 2660 973 2710 'l'ullio
995 2661 1046 2710 in
1069 2662 1256 2713 Bruto.

345 2730 364 2764 ¹
395 2734 467 2782 Ee
510 2735 748 2799 cortinas]
791 2736 1057 2787 Cortinam
1103 2739 1198 2788 hoc
1241 2741 1355 2791 loco

281 2821 514 2857 mensam
560 2809 986 2874 interpretamur,
1015 2827 1132 2877 quse
1170 2816 1356 2877 pocula

281 2885 585 2942 sustineret,
610 2885 695 2934 eui
737 2887 1012 2949 Delphicas
1053 2901 1244 2938 nomen
1287 2903 1355 2939 ex

281 2972 344 3007 eo
365 2959 506 3023 quod
535 2961 717 3010 similis
755 2967 898 3011 esset
919 2977 1114 3013 mensae
1138 2964 1233 3029 illi,
1268 2966 1353 3016 cui

282 3034 503 3099 Delphis
541 3036 801 3087 insidebat
821 3038 1015 3102 Pythia
1045 3042 1253 3090 oracula
1275 3040 1353 3092 fa·

282 3109 439 3160 ciens.
464 3131 469 3134 -
517 3113 687 3162 Vetus
738 3114 999 3178 interpres
1051 3115 1259 3167 Horatii
1298 3119 1352 3167 in

279 3185 407 3235 illud
434 3202 472 3236 1.
492 3187 603 3238 Sat.
628 3193 679 3238 6.
720 3189 736 3217 ⁸
757 3190 830 3238 Et
853 3191 988 3253 lapis
1014 3192 1159 3241 albus
1182 3194 1352 3243 Pocu-

279 3261 331 3309 la
351 3276 469 3312 cum
489 3264 681 3327 cyatho
704 3264 809 3314 duo
833 3266 1091 3317 sustinet.'
1124 3268 1141 3295 ‘
1160 3269 1354 3335 Lapis,'

280 3336 465 3401 inquit,
489 3341 507 3367 ⁴
527 3353 706 3389 mensa
729 3355 1037 3401 marmorea,
1058 3358 1205 3409 quam
1226 3347 1349 3395 Del·

279 3412 481 3475 pbieam
521 3414 749 3465 vocant!
840 3417 1093 3484 Abacum,
1136 3421 1349 3484 Delphi·

224 3534 237 3548 ,
279 3501 390 3538 cam
426 3489 634 3540 Glossoe
669 3490 951 3543 Philoxeni
985 3497 1273 3560 appellant,
1293 3505 1350 3547 et

277 3563 580 3630 μινιστέριον,
623 3565 758 3629 quod
817 3582 883 3617 ex
936 3582 998 3617 ea
1049 3572 1348 3632 poculorum

278 3654 455 3691 mensa
496 3641 729 3691 convivis
773 3644 1149 3695 ministrarent.
1218 3648 1348 3710 Ety-

278 3717 510 3781 mologus
527 3735 543 3768 ι
595 3718 834 3781 Δελφικὰ,
874 3719 964 3768 τὸν
998 3720 1196 3786 τρίποδα
1238 3724 1348 3773 Ῥω·

276 3794 418 3851 naba,
455 3792 559 3842 ἐπεὶ
592 3796 780 3857 πρῶτον
812 3795 865 3844 ἐν
884 3799 1096 3859 Δελφοῖς
1130 3799 1349 3861 γέγονεν.

278 3868 534 3919 Nimirum
581 3872 744 3933 primo
794 3873 1073 3935 Delphicae
1118 3875 1347 3940 Delphis

267 3941 500 3994 fiebant:
539 3952 828 4009 posteaque
864 3947 1033 4011 quivis
1066 3947 1210 3999 abaci
1233 3951 1347 4014 ejus

274 4016 454 4068 formae
479 4020 532 4068 id
556 4035 746 4070 nomen
776 4021 1024 4073 habuere.
1078 4026 1345 4078 Martialis

275 4107 374 4143 ιιι.
396 4100 480 4144 67.
511 4097 527 4124 ‘
545 4094 842 4161 Argentum
856 4106 1014 4163 atque
1032 4115 1214 4151 aurum
1237 4115 1340 4152 non

274 4171 493 4235 simplex
510 4173 774 4236 Delphica
792 4174 1003 4237 portat.'
1066 4175 1346 4242 Gruterus,

275 4262 389 4313 pag.
411 4254 562 4300 1115.
586 4263 655 4307 ex
674 4250 978 4305 sirmondo:
1001 4265 1342 4306 nswmcsa.

1431 2146 1675 2183 sanast..
1690 2146 1826 2183 cvm.
1847 2145 2013 2182 oum.
2032 2143 2225 2180 cvmv.
2242 2141 2494 2179 Exortus.-

1429 2220 1555 2257 ΤΑΕ.
1609 2210 1695 2258 De
1719 2208 1994 2271 Delphicis
2017 2208 2180 2257 multa
2205 2205 2497 2267 Procopius

1429 2283 1483 2333 in
1509 2283 1734 2333 Vandal.
1756 2283 1844 2333 lib.
1882 2297 1920 2331 r.
1949 2282 2317 2345 Acceptionem
2343 2282 2497 2330 aliam

1431 2360 1544 2423 ejus
1568 2361 1709 2409 vocis
1733 2358 1853 2408 vide
1887 2358 2022 2421 apud
2048 2358 2113 2405 V.
2145 2357 2224 2408 Cl.
2249 2357 2500 2405 Du·Can-

1432 2436 1594 2497 gium,
1646 2436 1699 2484 in
1756 2433 1909 2484 Notis
1962 2432 2027 2482 ad
2085 2430 2330 2481 Alexiad.
2374 2444 2496 2493 pag.

1429 2513 1547 2559 411.

1494 2593 1522 2628 s
1554 2583 1855 2649 Lychauchi]
1888 2581 2178 2645 Λυχνοῦχοι,
2197 2579 2496 2631 candelabra.

1430 2659 1501 2708 Et
1535 2660 1646 2709 haec
1667 2660 1974 2723 Tranquillo
2013 2672 2218 2723 quoque
2246 2665 2495 2722 usurpata

1431 2748 1531 2784 vox
1563 2736 1616 2785 in
1637 2736 1797 2796 sulio,
1831 2749 1947 2797 cap.
1971 2738 2054 2784 3⁷.
2109 2734 2350 2783 Meminit
2372 2748 2495 2783 can·

1431 2809 1630 2860 delabri
1667 2809 1985 2873 Euphorion,
2010 2809 2147 2871 apud
2174 2808 2366 2857 Athen.
2403 2808 2494 2857 lib.

1431 2899 1528 2936 xv.
1552 2901 1672 2950 pag.
1692 2890 1810 2935 ⁷0⁰.
1830 2885 1885 2933 in
1905 2899 2004 2948 quo
2027 2889 2099 2933 tot
2117 2885 2321 2933 luceraoe
2342 2884 2493 2934 arde·

1426 2969 1566 3024 rent,
1586 2959 1759 3023 λύχνοι
1786 2961 2022 3016 τοσοῦτοι,
2058 2968 2187 3024 quot
2222 2960 2334 3010 dies
2371 2961 2492 3012 anni

1427 3046 1569 3087 sunt.

1492 3111 1519 3145 ¹²
1550 3112 1789 3174 Apollinis
1814 3108 2056 3172 Palatini]
2092 3110 2241 3162 Quod
2280 3110 2347 3160 ab
2382 3110 2491 3161 Au-

1427 3196 1578 3252 gusto
1601 3187 1919 3246 dedicatum,
1942 3201 2075 3236 anno
2096 3199 2359 3237 nccxxvr.
2378 3189 2490 3251 ipso

1427 3272 1653 3328 sextum,
1689 3271 1744 3313 et
1778 3264 1855 3313 M.
1879 3262 2116 3327 Agrippa
2151 3263 2297 3313 Coss.
2331 3265 2492 3316 Tran-

1427 3341 1615 3406 quillus
1639 3341 1692 3388 in
1727 3339 1986 3403 Augusto,
2009 3354 2058 3388 c.
2090 3343 2172 3389 29.
2206 3340 2270 3388 Ρ.
2294 3339 2494 3404 Victor,

1426 3417 1480 3466 in
1524 3415 1786 3480 Descript.
1831 3414 2032 3475 Romae,
2073 3415 2284 3478 regione
2331 3417 2491 3467 Urbis

1427 3493 1658 3542 decima:
1694 3498 1709 3521 ⁴
1729 3491 1883 3541 AEdes
1904 3489 2186 3554 Apollinis,
2208 3490 2292 3540 ubi
2314 3492 2489 3557 lychni

1427 3569 1724 3633 pendebant
1743 3568 1909 3617 instar
1944 3566 2139 3616 arboris
2161 3567 2296 3616 mala
2317 3566 2489 3620 feren·

1426 3645 1535 3695 tis!

1489 3720 1505 3753 ἰ
1536 3719 1620 3783 Sp.
1653 3716 1838 3780 Cassii]
1874 3717 1925 3765 Is
1962 3730 2175 3779 regnum
2216 3712 2486 3773 affectans,

1425 3796 1511 3846 ubi
1538 3798 1755 3860 primum
1775 3794 2084 3857 magistratu
2109 3792 2256 3854 abiit,
2274 3791 2483 3844 damua-

1425 3880 1532 3935 tus‚
1573 3880 1891 3934 necatusque
1919 3876 2019 3918 est.
2087 3867 2103 3893 ‘
2121 3867 2252 3917 Sunt
2283 3869 2371 3933 qui
2396 3885 2486 3933 pa-

1426 3957 1562 3998 trem
1587 3956 1850 3996 auctorem
1884 3945 1995 4006 ejus
2018 3943 2259 4005 supplicii
2279 3942 2491 4007 ferant,’

1418 4023 1596 4090 ‘inquit
1619 4022 1794 4071 Livius
1816 4020 1907 4068 lib.
1930 4032 1993 4068 n.
2019 4033 2069 4081 p.
2092 4022 2174 4070 35.
2194 4017 2211 4045 ‘
2227 4033 2345 4079 eum
2363 4035 2483 4084 cog-

1426 4099 1541 4149 nita
1562 4097 1700 4146 domi
1721 4109 1878 4146 causa
1900 4095 2201 4144 verberasse
2223 4109 2284 4148 ac
2306 4109 2487 4152 necas·

1427 4190 1513 4236 se3
1549 4172 1911 4237 peculiumque
1951 4170 2041 4219 filii
2083 4170 2261 4220 Cereri
2307 4186 2484 4223 conse·

1426 4251 1679 4313 oravisse3
1700 4249 1897 4314 signum
1919 4247 2040 4300 inde
2058 4244 2254 4298 factum
2273 4239 2406 4314 esse,
2424 4257 2481 4304 et
