3000 4917
519 369 694 435 4518
1261 386 1325 433 c.
1372 385 1612 432 Pmun
1662 384 1992 433 suenum

524 526 868 594 Invenitur
897 531 1119 591 autem
1140 525 1166 565 ¹²
1209 533 1276 592 et
1305 528 1377 591 in
1409 528 1692 593 aurariis
1724 534 1791 592 et
1835 530 1906 591 in
1958 526 2343 611 argentariis
2385 527 2705 592 metallis:

520 629 764 693 melior
793 648 927 712 quo
979 630 1191 711 magis
1221 630 1390 705 rufa,
1424 620 1692 712 quoque
1724 631 1939 711 magis
1964 631 2188 693 virus⁰
2231 629 2583 703 redolens?
2629 648 2710 692 ac

521 750 712 813 pura,
757 730 1195 813 friabilisque.
1279 730 1489 794 Valet
1547 728 1884 812 purgare,d
1940 731 2201 809 sistere,
2261 729 2709 807 excalfacere,

525 831 895 914 perrodere.
985 831 1262 895 Summa
1293 831 1439 913 ejus
1471 830 1599 895 dos
1631 831 1935 913 septica?
2022 832 2278 913 Explet
2326 826 2718 914 alopecias‘

526 952 613 996 ex
647 936 837 997 aceto
864 933 1052 997 illita.
1140 932 1427 996 Additur
1456 933 1800 995 oculorum
1825 940 1845 978 ³
1865 939 1893 977 ⁸
1922 933 2445 997 medicamentis.
2536 931 2715 995 Fau-

524 1053 636 1097 ces
666 1031 946 1117 purgat¹¹
991 1053 1144 1097 cum
1188 1033 1382 1097 melle
1423 1039 1661 1097 sumta.
1751 1033 2202 1115 suspiriosis4
2244 1032 2717 1097 tussientibus-

526 1155 655 1218 que
693 1136 993 1218 ,iucunde
1043 1133 1369 1211 medetur,
1428 1153 1581 1197 cum
1633 1122 1860 1197 resina
1907 1133 2346 1199 terebinthina
2394 1135 2463 1197 in
2513 1134 2666 1198 cibo
2692 1139 2714 1178 ⁵
2782 1214 2791 1221 .

526 1233 790 1300 sumta.¹
875 1232 1151 1301 Suffitaj
1198 1254 1469 1319 quoque
1518 1255 1667 1299 cum
1711 1235 1969 1314 cedro,⁶
2013 1239 2165 1321 ipso
2205 1235 2436 1299 nidore
2481 1235 2716 1299 iisdem

525 1337 875 1402 medetur.⁷

616 1454 770 1501 ινι.
856 1439 949 1503 Et
976 1440 1349 1506 arrenicum
1370 1448 1389 1478 ¹
1436 1460 1525 1504 ex
1558 1440 1788 1504 eadem
1820 1443 1920 1502 est
1947 1436 2272 1503 materia.k
2360 1435 2561 1515 Quod
2596 1445 2719 1521 op-

1442 1603 1595 1626 ΜῸ
1600 1603 1809 1624 ‘nmo

527 1716 646 1750 nov.
670 1701 925 1751 Hardnin.
952 1708 997 1752 1.
1033 1708 1082 1753 2.
1117 1708 1166 1752 3.
1199 1704 1392 1753 Miller.
1422 1704 1634 1766 Bipout.
1671 1710 1726 1752 et
1752 1704 2031 1751 Franz—2
2064 1701 2196 1752 cod.
2230 1701 2416 1750 Delec.
2451 1715 2541 1762 quo
2564 1700 2722 1761 magis
2794 1736 2797 1741 .

525 1766 659 1814 virus
677 1768 1003 1816 redolens.-3
1041 1769 1227 1831 Margo
1259 1769 1378 1817 edd.
1419 1770 1604 1818 Dalec.
1642 1775 1696 1817 et
1732 1767 1965 1817 Gronov.
1996 1768 2330 1829 pediculorum,
2371 1780 2400 1813 e
2439 1767 2718 1814 Dium—4

528 1829 759 1878 Gronov.
782 1838 838 1879 et
863 1833 929 1879 al.
953 1840 1076 1880 ante
1100 1833 1352 1882 Hardnin.
1372 1848 1479 1881 cum
1518 1833 1653 1882 melle
1683 1838 1859 1881 sumta.
1933 1831 2104 1880 Vocem
2125 1830 2391 1953 lmpidom
2413 1843 2469 1877 uc
2497 1842 2720 1878 canoram

514 1892 662 1950 facit·
730 1895 1015 1957 Suspirosis.
1083 1897 1215 1945 Haec
1250 1904 1363 1946 tota
1404 1898 1655 1955 clausula,
1695 1897 1864 1946 Vocem
1899 1896 1934 1944 1.
1955 1911 2028 1944 uc.
2060 1911 2102 1943 c.
2156 1908 2184 1943 o

2219 1895 2274 1955 ἐ,
2311 1894 2459 1943 deest
2491 1892 2545 1941 in
2568 1891 2720 1940 codd.

527 1959 807 2008 Dalec.—5
845 1961 1029 2022 Margo
1052 1961 1174 2010 edd.
1201 1962 1382 2011 Dalec.
1406 1969 1461 2010 et
1492 1961 1725 2011 Gronov.
1744 1960 1998 2021 catapotio,
2019 1973 2050 2008 e
2075 1959 2354 2007 Diosc.—6
2387 1957 2526 2006 Ibid.
2550 1971 2616 2003 ex
2639 1969 2721 2003 eo-

529 2022 664 2078 dem,
683 2023 953 2072 resinam—'7
988 2025 1077 2073 Ita
1097 2039 1168 2072 ex
1185 2026 1339 2074 codd.
1361 2025 1660 2075 Harduinns
1691 2031 1747 2074 et
1782 2030 2000 2073 recentt.
2055 2023 2123 2072 eis
2152 2025 2364 2072 medetur
2391 2021 2507 2071 cod.
2534 2019 2722 2069 Dalec.

530 2087 698 2135 itidem
716 2089 929 2135 medetur
948 2087 1180 2137 Gronov.
1201 2097 1256 2138 et
1281 2091 1456 2153 vulgg.

596 2151 731 2200 CAP.
755 2165 870 2201 va.
937 2156 963 2200 1
998 2155 1013 2180 ‘
1035 2152 1119 2203 Ita
1143 2154 1297 2203 codd.
1320 2155 1489 2218 Regg.
1536 2132 1608 2202 'Iu
1632 2150 1877 2202 Editione
1912 2149 2152 2215 principe
2185 2150 2462 2200 arsenicum.
2510 2148 2724 2198 Arreni·

1517 2298 1734 2350 NOTAE

594 2395 619 2430 ὓ
637 2397 889 2446 Invenitur·
909 2399 1089 2463 autem]
1110 2397 1343 2448 Isidorus
1366 2411 1491 2449 xxx.
1513 2401 1593 2449 17.

530 2472 643 2521 baec
665 2473 879 2521 totidem
904 2473 1094 2521 verbis.

538 2577 546 2583 -
595 2553 617 2580 ⁰
654 2546 846 2609 Quoque
866 2547 1021 2607 magis
1050 2547 1203 2611 sirm]
1235 2545 1471 2596 Isidorus
1492 2546 1593 2596 loc.

529 2623 623 2671 cit.
692 2624 767 2671 At
790 2622 968 2672 Diosc.
993 2627 1184 2672 v..122.
1206 2622 1390 2678 rufam,
1416 2622 1596 2672 friabi-

529 2699 735 2762 lemque
780 2699 978 2761 pariter
1033 2700 1326 2762 anteponit,
1372 2707 1428 2747 et
1471 2714 1591 2763 quae

529 2773 746 2823 sulfuris
784 2775 921 2822 virus
958 2775 1207 2836 redoleat,
1240 2772 1393 2823 ἔτιδὲ
1432 2773 1595 2834 θειώδη

533 2849 779 2913 ἀποφορὰν
800 2847 1025 2910 ἔχουσαν.
1090 2851 1244 2902 Quod
1266 2857 1321 2899 et
1343 2851 1597 2899 Brasavo·

533 2927 615 2974 lus
637 2924 908 2974 confirmat
931 2926 998 2974 de
1021 2926 1204 2975 Exam.
1232 2925 1438 2976 Gumm.
1473 2940 1592 2991 pag.

533 3005 649 3050 891.

549 3100 558 3107 ·
599 3075 625 3110 ‘¹
653 3077 796 3127 Valet
822 3077 1053 3140 purgare]
1077 3076 1257 3126 Celsus
1278 3091 1331 3125 v.
1351 3082 1400 3125 5.
1421 3077 1438 3105 ⁸
1459 3077 1594 3125 Pur-

535 3159 663 3214 gant
700 3168 895 3216 aerngo,
933 3154 1042 3202 auri
1084 3144 1423 3216 pigmentum,
1456 3153 1594 3217 quod

537 3226 784 3289 ἀρσενικὸν
813 3243 843 3276 a
877 3229 1079 3277 Graecis
1112 3229 1443 3293 nominatur:
1476 3228 1599 3276 huic

537 3312 711 3354 autem
761 3311 816 3352 et
855 3303 1157 3352 saudaracae
1203 3304 1257 3352 in
1298 3303 1472 3352 omnia
1511 3317 1597 3357 eag

533 3370 655 3429 dem
683 3378 791 3428 vis?
1394 3396 1400 3401 ·

557 3478 562 3485 ·
604 3462 627 3489 θ
649 3455 843 3505 Summa
865 3454 966 3516 ejus
987 3456 1069 3503 dos
1089 3455 1294 3518 septica]
1320 3456 1391 3503 Et
1411 3454 1597 3503 sauda-

539 3544 677 3580 racae
713 3530 923 3592 pariter'
941 3537 997 3578 et
1034 3530 1263 3578 arsenico
1297 3531 1475 3579 Diosc.
1497 3530 1597 3580 loc.

539 3608 631 3657 cit.
673 3605 866 3666 δύναμιν
908 3603 1146 3663 ona-ranke
1189 3604 1445 3660 attribuit,
1499 3604 1597 3653 boc

541 3691 640 3744 est,
674 3684 772 3731 vim
797 3678 1161 3743 putrffooieudi,
1198 3680 1600 3743 absumendique

540 3773 720 3809 carnes
752 3764 1135 3806 excrescentes.
1202 3756 1374 3805 Etiam
1412 3757 1514 3804 vim
1554 3756 1602 3804 ei

541 3833 799 3891 καυστικὴν
830 3834 1000 3881 inesse
1021 3832 1096 3880 ait
1119 3830 1322 3893 Aetius,
1348 3839 1407 3881 ut
1435 3841 1491 3882 et
1521 3847 1603 3881 ar·

542 3911 737 3966 senico,
761 3922 822 3957 n.
842 3912 924 3957 77.
950 3922 1014 3956 ex
1039 3908 1143 3957 Ms.
1166 3907 1375 3958 Graeco.
1488 3930 1493 3937 ·

609 3985 630 4019 f
657 3986 835 4048 Expiet
876 3984 1130 4046 alopecias]
1160 3985 1442 4034 Marcellus
1479 3986 1600 4034 Em·

545 4063 647 4127 pir.
689 4064 1002 4124 c.6.‚p.'4⁷.
1068 4061 1260 4110 Theod.
1299 4061 1603 4110 Priscianus

544 4155 585 4190 1.
611 4144 661 4190 2.
681 4144 737 4186 et
759 4137 958 4186 Plinius
976 4136 1150 4185 Valer.
1173 4151 1213 4185 1.
1235 4140 1287 4185 6.
1338 4136 1409 4185 At
1429 4136 1606 4186 Diosc.

544 4218 649 4268 loc.
690 4215 783 4264 cit.
823 4226 925 4263 uon
964 4226 1030 4260 ex
1076 4214 1249 4268 aceto,
1285 4211 1378 4261 sed
1420 4225 1484 4261 ex
1524 4226 1607 4261 re·

1669 2413 1801 2447 sina.

1734 2482 1761 2518 ε
1792 2473 2009 2523 Additur
2047 2470 2306 2533 oculorum]
2341 2470 2568 2520 Cerussa
2602 2484 2726 2520 saue

1669 2557 1810 2610 usta,
1854 2565 2008 2613 quam
2047 2554 2101 2598 et
2140 2546 2471 2597 sandaracam
2516 2545 2726 2610 quidam

1671 2625 1986 2687 vocitarunt,
2022 2625 2208 2674 crebro
2245 2623 2298 2672 iu
2334 2619 2726 2670 medicamentis

1673 2701 1934 2750 oculorum
1975 2717 2006 2750 a
2046 2700 2197 2749 Celso
2236 2697 2528 2757 adhibetur,
2573 2708 2647 2746 vr.
2675 2700 2728 2743 6.

1673 2775 1758 2825 Ad
1783 2777 2046 2839 pediculos
2084 2775 2468 2839 palpebrarum,
2491 2772 2731 2821 sandara-

1672 2865 1737 2900 ca
1760 2851 1919 2899 semel
1942 2851 2154 2899 ibidem.

1737 2925 1764 2961 ¹¹
1796 2928 1979 2976 Fauces
2003 2927 2205 2991 purgat]
2252 2926 2448 2976 Vocem
2493 2940 2739 2977 canoram·

1672 3002 1816 3058 facit,
1835 3003 2217 3065 limpidamque,
2241 3001 2409 3064 iuquit
2425 3002 2609 3051 Diosc.
2629 3003 2730 3052 loc.

1674 3079 1765 3127 cit.
1812 3076 1972 3135 Φωνήν
1993 3095 2049 3126 τε
2088 3075 2385 3139 ἀποκαθαίρει
2422 3076 2734 3138 ἑκλσιχομένη

1676 3152 1765 3202 σὺν
1782 3153 1960 3214 μέλιτι.
2452 3174 2456 3179 ·

1741 3229 1757 3263 ¹
1787 3228 2076 3293 Suspiriosis
2092 3262 2106 3277 .
2123 3263 2137 3278 .
2155 3229 2235 3277 .in
2275 3228 2377 3277 cibo
2417 3229 2596 3291 sumtu]
2649 3229 2731 3277 Ex

1678 3319 1776 3353 ovo
1798 3305 1995 3366 sorbili,
2031 3304 2196 3367 inquit
2225 3303 2508 3352 Marcellus
2535 3304 2732 3366 Empir.

1678 3396 1725 3430 c.
1747 3386 1828 3431 16.
1854 3396 1906 3443 p.
1930 3384 2046 3430 118.
2080 3387 2137 3429 et
2166 3379 2368 3429 Plinius
2392 3380 2567 3430 Valet.
2591 3394 2628 3428 1.
2650 3385 2733 3431 58.

1680 3459 1809 3507 Cum
1830 3454 2005 3505 resina
2038 3458 2090 3505 in
2129 3457 2393 3518 catapotio
2432 3463 2621 3516 sumta,
2657 3456 2736 3505 καὶ

1679 3533 1984 3593 &comnmis-
2013 3530 2103 3581 σὺν
2130 3529 2289 3595 qim-luy
2311 3528 2599 3579 κατατότιον
2617 3528 2735 3579 3230-

1676 3624 1774 3667 ται,
1799 3608 1974 3655 Diosc.
1997 3608 2097 3655 loc.
2116 3606 2206 3654 cit.

1740 3680 1982 3747 lSuffita]
2019 3682 2197 3730 Diosc.
2238 3681 2336 3729 loc.
2373 3679 2464 3728 cit.
2513 3680 2604 3728 Καὶ
2627 3681 2739 3729 ὕπο·

1682 3760 1898 3817 θυμιᾶται
1933 3756 2023 3805 σὺν
2057 3755 2241 3820 purity,
2274 3755 2354 3805 καὶ
2389 3754 2506 3818 πρὸς
2533 3758 2742 3807 παλαιὰν

1680 3836 1833 3894 βῆχα,
1860 3832 1936 3881 διὰ
1955 3835 2159 3894 σιφῶνος
2189 3828 2446 3891 ἑλκομένου
2484 3833 2572 3879 τοῦ
2593 3832 2743 3893 ἀτμοῦ

1678 3912 1752 3974 τῷ
1782 3908 2001 3970 στόματι.
2072 3908 2202 3962 Quin
2222 3911 2271 3955 et
2290 3909 2516 3955 adversus
2535 3914 2741 3957 veterem

1679 3986 1848 4035 tussim
1891 3999 1996 4033 cum
2033 3983 2192 4031 resina
2221 3983 2424 4046 suffitur,
2458 3982 2626 4031 nidore
2660 3998 2743 4046 per

1665 4059 1961 4127 fistulamin
1981 4074 2034 4106 os
2056 4063 2276 4106 attracto.

1747 4133 1773 4168 k
1797 4136 1860 4183 Et
1882 4133 2149 4182 monicum
2169 4132 2480 4195 [arsenicum]
2502 4147 2566 4181 ex
2585 4135 2743 4181 eodem

1688 4215 1758 4259 est
1780 4208 2009 4271 materia]
2045 4207 2162 4257 Hoc
2185 4215 2282 4263 est,
2317 4214 2376 4257 ut
2403 4207 2479 4256 ait
2513 4207 2741 4259 Isidorus
