3000 4917
884 367 1055 414 NAT.
1105 352 1299 414 ms‘r.
1349 366 1492 413 ωε.
1542 365 1798 414 xxxv.
1841 351 1949 417 36.
2337 354 2511 420 4001

1257 444 1267 469 ι

313 505 789 573 difficillimum
845 514 1010 586 erat)
1059 508 1191 574 sibi
1249 510 1401 591 ipse
1452 510 1622 574 satis
1673 508 1965 574 fecisset.
2086 510 2513 594 Displicebat

312 615 541 673 autem
587 629 699 673 ars
740 609 919 692 ipsa,
949 629 1070 674 nec
1111 610 1316 675 minui
1359 617 1647 693 poterat,
1682 617 1748 675 et
1778 611 2128 677 videbatur
2159 614 2386 689 nimia,
2427 633 2512 677 ac

309 711 580 793 longius
629 731 674 776 a
716 714 994 777 veritate
1037 712 1404 788 discedere,
1435 733 1811 797 spumaque
1855 715 1976 779 illa
2013 716 2216 798 pingi,
2244 735 2376 779 non
2422 736 2507 780 ex

310 831 431 876 ore
482 813 712 901 nasci3
762 816 1225 879 anxio.animi
1275 817 1597 892 cruciatu,
1646 835 1797 880 cum
1845 817 1915 880 iu
1965 819 2229 900 pictura
2279 837 2512 881 verum

307 934 484 991 esse,
524 934 660 978 uon
702 917 1059 981 verisimile
1108 919 1346 981 vellet:
1380 920 1849 983 ,absterserat‘
1892 919 2168 1001 saepiuS,
2213 927 2511 984 mutave-

304 1028 548 1099 ratque
589 1017 995 1098 penicillum,
1031 1018 1213 1082 nullo
1240 1018 1445 1082 modo
1485 1020 1613 1083 sibi
1655 1022 2063 1104 approbans.
2160 1020 2511 1086 Postremo

304 1115 523 1179 iratus
556 1119 705 1192 arti,
736 1119 918 1201 quod
950 1105 1472 1200 intelligeretur,⁴
1494 1127 1514 1158 ¹
1549 1121 1894 1203 spongiam
1925 1140 2072 1184 eam
2102 1121 2375 1204 impegit
2417 1123 2514 1184 in-

303 1216 496 1280 viso*
539 1217 690 1281 loco
737 1219 1012 1295 tabulae,
1043 1227 1112 1282 et
1143 1220 1256 1283 illa
1288 1222 1582 1304 reposuit
1611 1222 1873 1287 ablatos
1903 1223 2189 1299 coloreS,
2220 1224 2510 1306 qualiter
2598 1291 2618 1311 .

302 1342 470 1386 cura
517 1324 991 1406 optaverat2²²
1050 1326 1342 1408 fecitque
1403 1328 1472 1389 iu
1530 1326 1792 1409 pictura
1848 1327 2111 1390 fortuna
2170 1328 2512 1390 naturam!

303 1422 470 1488 Hoc
529 1427 866 1508 exemplo,
915 1425 1063 1508 ejus
1118 1427 1402 1489 similis³
1462 1433 1532 1490 et
1595 1426 1965 1491 Nealcemv
2021 1446 2380 1491 successus
2437 1429 2507 1489 in

300 1545 551 1607 spuma
600 1526 777 1608 equi,
831 1528 1138 1590 similiter
1193 1528 1479 1609 spongia
1533 1529 1852 1610 impacta,
1903 1535 2176 1592 secutus
2236 1527 2510 1604 dicitur,

297 1647 453 1690 cum
484 1628 783 1711 pingeret
811 1635 1301 1713 poppyzontaW
1336 1631 1725 1694 retinentem
1757 1649 2023 1712 equum.
2112 1628 2361 1692 Canem
2407 1631 2512 1694 ita

297 1728 714 1810 Protogenes
759 1730 1185 1807 monstravit,
1214 1737 1283 1794 et
1318 1730 1642 1795 fortuna.4
1728 1730 2019 1814 Propter
2060 1729 2285 1793 huuc¹
2325 1730 2503 1814 laly-

359 1896 389 1929 t
425 1888 655 1951 Spongia.
848 1889 875 1924 ὅ
911 1891 1048 1947 Quod
1069 1892 1120 1939 in
1143 1907 1198 1941 ea
1219 1893 1404 1955 pictura
1426 1892 1623 1942 nimium
1645 1892 1769 1942 artis
1782 1893 2044 1942 videretur.

359 1949 378 1982 ὖ
413 1954 635 2002 Moleste
655 1956 732 2004 illi
750 1972 808 2003 oc
827 1956 1011 2022 difficili
1032 1956 1204 2005 tubulae
1219 1958 1370 2018 porti.

360 2014 385 2048 ἃ
422 2018 530 2072 Quo
549 2020 687 2081 plane
708 2023 841 2069 modo
859 2022 1009 2068 animi
1029 2021 1159 2069 illius
1179 2021 1381 2070 intentio
1399 2021 1692 2084 peroptabat.
2422 2063 2425 2066 .

359 2078 376 2111 ²
400 2082 747 2147 Expressiique
766 2087 820 2134 in
839 2085 998 2134 tabula
1005 2085 1211 2143 fortuna
1226 2100 1449 2149 casusque
1466 2100 1697 2149 spumam,
1720 2087 1902 2149 qualem
1920 2089 2097 2134 natura
2117 2084 2221 2147 ipsu
2231 2083 2435 2142 fuceret.

1226 2212 1588 2233 OOOOOOOOOOOO

290 2291 542 2341 noret—1
579 2294 703 2342 Vet.
744 2294 1036 2356 Dalm-qua
1058 2295 1521 2346 interlinireiur.-2
1554 2295 1679 2344 ‘Ita
1717 2294 1833 2345 cod.
1872 2295 2035 2356 Regg.
2074 2294 2259 2344 Dalec.
2304 2291 2499 2342 -Editlo

291 2357 558 2421 princeps,
581 2365 634 2406 et
657 2359 737 2408 cl.
762 2358 1010 2409 Dur-and!
1044 2360 1265 2408 Brotier.
1330 2361 1525 2422 optabat
1554 2359 1789 2410 Gronov.
1826 2359 2086 2408 Harduin.
2126 2364 2168 2407 l.
2193 2363 2240 2407 2.
2266 2362 2314 2407 3.
2339 2364 2394 2405 et
2419 2371 2497 2406 re-

291 2426 563 2470 σθαι-3
598 2429 612 2450 ⁸
634 2423 720 2470 Ita
740 2422 894 2470 codd.
918 2424 1090 2485 Regg.
1122 2426 1272 2472 Voss.
1309 2425 1483 2473 Editio
1509 2426 1769 2488 princeps,
1801 2433 1857 2472 et
1889 2424 1968 2473 Cl.
1992 2422 2243 2475 Duraud.'
2277 2422 2502 2470 Brott'er.

290 2484 401 2533 Hoc
421 2488 640 2547 eoeemplo
659 2487 834 2536 similis
857 2488 1091 2537 Gronov.
1115 2488 1180 2537 al.
1204 2496 1332 2537 vett.
1359 2488 1618 2549 Harduin.
1640 2493 1688 2537 1.
1709 2493 1758 2538 2.
1790 2493 1839 2537 3.
1878 2496 1931 2536 et
1959 2495 2180 2537 recentt.
2247 2486 2356 2534 Hoc
2395 2485 2497 2546 ejus

289 2552 502 2613 exemplo
545 2551 720 2599 similis
757 2552 872 2600 cod.
912 2553 1198 2602 Dalec.—4
1236 2553 1498 2615 Protogeni
1543 2553 1821 2603 monstravit
1850 2553 2054 2612 fortuna
2094 2553 2215 2601 Vet.
2243 2551 2496 2600 Doleo.—

1286 2683 1503 2733 NOTAE

290 2775 368 2824 vel
390 2790 510 2824 cum
536 2775 758 2827 artifice.
828 2777 890 2826 In
926 2778 1072 2827 libris
1100 2779 1349 2829 hactenus
1431 2780 1664 2830 imitatus
1706 2778 1823 2830 est.’
1888 2777 1974 2828 Sic
2014 2784 2068 2827 et
2114 2777 2383 2827 Plutarch.
2426 2774 2493 2823 de

287 2850 462 2910 editis,
483 2866 621 2901 casus
641 2858 690 2900 et
708 2868 807 2902 ars.
889 2855 994 2902 Sed
1017 2856 1107 2903 has
1131 2869 1281 2904 voces
1303 2861 1349 2905 et
1432 2857 1578 2906 Fort.
1627 2855 1779 2905 Alex.
1851 2853 2020 2917 Apelli
2060 2853 2278 2901 similem
2315 2865 2499 2913 casum¹

286 2943 362 2977 ars
382 2927 515 2978 Mss.
539 2943 715 2976 omnes
741 2944 836 2992 pro
858 2930 1029 2978 nothis
1055 2930 1262 2979 habeut.
1431 2930 1645 2980 ascribit
1686 2931 1875 2979 Sextus
1914 2929 2113 2992 Empir.
2153 2928 2342 2991 Pyrrh.
2379 2925 2494 2989 qu

346 3010 370 3036 v
404 3004 517 3052 1100
536 3005 745 3066 exemplo
765 3038 778 3053 .
799 3039 813 3053 .
834 3037 847 3052 .
866 3039 881 3055 .
906 3004 1154 3068 Neuloem]
1190 3005 1348 3054 Neal-

284 3093 369 3128 ces
413 3079 591 3143 pictor
628 3096 655 3127 a
693 3081 978 3129 Plutarcho
1019 3081 1261 3130 laudatur
1296 3082 1347 3129 in

285 3157 466 3214 Arato,
508 3162 628 3221 pag.
665 3163 811 3208 1032.
877 3160 1045 3222 Hujus
1081 3161 1132 3208 in
1167 3174 1348 3223 spuma

284 3232 402 3296 equi
425 3246 738 3294 successum,
770 3234 929 3283 tacito
952 3235 1163 3297 pictoris
1187 3234 1346 3283 nomi·

283 3322 366 3371 ne,
390 3305 554 3356 refert
579 3309 818 3358 Valerius
854 3311 997 3358 Max.
1028 3323 1152 3359 vm.
1185 3314 1264 3358 ll.
1294 3324 1344 3371 p.

280 3387 393 3432 401.
426 3391 441 3413 ‘
461 3384 754 3446 Praecipuae
780 3385 906 3434 artis
929 3384 1134 3448 pictor,’
1159 3385 1345 3450 inquit,

279 3461 432 3524 ‘equi
455 3461 667 3509 naribus
697 3476 905 3524 spumas
937 3462 1166 3525 adjicere
1201 3463 1346 3523 cupi-

279 3549 390 3596 ens,
436 3541 614 3585 tantus
660 3535 849 3585 artifex
891 3538 942 3586 in
980 3544 1087 3586 tam
1130 3539 1346 3598 parvula

278 3612 500 3659 materia
520 3612 738 3660 multum
768 3607 829 3660 ¹ac
862 3612 949 3660 diu
975 3611 1174 3660 frustra
1198 3619 1340 3661 tene·

278 3687 450 3737 batur.
521 3688 888 3751 Indignatione
927 3689 1116 3739 deinde
1153 3704 1341 3739 accen·

276 3779 379 3826 sus,
419 3765 690 3828 spongiam
726 3765 959 3815 omnibus
983 3765 1232 3813 imbutam
1255 3780 1340 3814 co·

275 3838 468 3890 loribus
490 3839 629 3889 forte
642 3841 802 3904 juxta
821 3855 876 3890 se
905 3841 1128 3904 positam
1153 3855 1340 3904 appre-

276 3915 478 3977 hendit‚
518 3923 576 3964 et
632 3918 794 3966 veluti
834 3923 1170 3979 corrupturus
1210 3931 1340 3979 opus

276 4007 441 4052 suum,
478 3991 670 4041 tabulae
715 3993 891 4041 illisit:
935 4007 1085 4057 quam
1131 3991 1341 4043 fortuna

275 4069 337 4118 ad
361 4070 502 4131 ipsas
525 4069 645 4133 equi
669 4083 821 4117 nares
843 4068 1094 4118 directam
1135 4068 1338 4119 deside·

273 4143 400 4192 rium
420 4143 637 4207 pictoris
662 4144 835 4208 coegit
853 4145 1080 4208 explere.
1147 4144 1338 4208 Itaque

275 4220 410 4285 quod
463 4219 773 4275 adumbrare
815 4235 917 4273 non
963 4220 1143 4280 valuit,
1185 4235 1339 4274 casus

1430 3013 1605 3072 potyp.
1636 3020 1673 3056 1.
1697 3010 1777 3055 12.
1803 3020 1918 3068 pag.
1939 3009 1989 3055 7.

1492 3091 1527 3116 '⁷
1563 3084 1684 3131 Cum
1721 3082 1942 3143 pingeret
1995 3075 2309 3142 poppyzonta]
2363 3082 2491 3126 nos·-

1427 3156 1658 3220 πύζοντα,
1676 3159 1774 3206 hoc
1792 3163 1893 3217 est,
1909 3155 2202 3203 adulantem
2213 3167 2346 3217 equo
2365 3167 2489 3203 non-

1429 3234 1552 3283 dum
1571 3231 1881 3296 perdomito,
1900 3230 2040 3279 tenui
2059 3228 2208 3277 sibilo
2232 3241 2321 3277 ore
2339 3227 2489 3277 emis·

1428 3325 1486 3359 so
1507 3326 1521 3359 ε
1546 3311 1626 3358 vel
1648 3308 2051 3369 demulcentem,
2071 3303 2361 3368 blandeque
2386 3318 2489 3352 ma·

1425 3386 1576 3435 nibus
1598 3392 1985 3434 attrectantem.
2055 3381 2234 3430 Utitur
2250 3395 2309 3429 eo
2326 3380 2486 3429 verbo

1424 3461 1725 3524 Sophocles,
1763 3455 2022 3519 ποπῦζεις
2061 3455 2141 3508 καὶ
2174 3453 2487 3519 §smair-aa,

1426 3535 1855 3602 quemadmodum
1896 3536 2139 3583 observat
2170 3532 2339 3582 Julius
2360 3533 2485 3581 Pol·

1423 3613 1515 3662 lnx
1541 3613 1727 3663 Onom.
1756 3611 1847 3660 lib.
1873 3625 1973 3659 vu.
2008 3624 2132 3673 pag.
2164 3613 2279 3658 370.
2344 3608 2482 3659 Quin

1421 3689 1559 3738 idem
1584 3702 1788 3753 quoque
1813 3687 1861 3735 in
1886 3687 2075 3749 primo,
2109 3698 2228 3747 pag.
2252 3689 2335 3734 54.
2369 3684 2481 3732 sisti

1421 3779 1608 3829 equum
1644 3777 1934 3827 poppysmo
1969 3761 2144 3819 docet,
2182 3760 2279 3809 hoc
2313 3760 2479 3823 ipsum

1419 3854 1670 3904 usurpans
1702 3837 2023 3887 vocabulum.
2092 3835 2352 3897 Frigidum
2377 3843 2481 3895 est,

1423 3916 1559 3980 quod
1584 3915 1665 3964 hlc
1690 3913 1895 3979 quidam
1930 3912 2125 3974 legunt,
2158 3911 2481 3974 poppyzonta.

1423 3992 1652 4042 Retinent
1690 3989 1828 4043 Parii
1847 4003 2039 4052 equum.-
2075 3989 2172 4036 etsi
2198 3988 2251 4036 in
2278 3987 2406 4050 Reg.
2428 3991 2478 4036 2.

1421 4069 1631 4130 legitur,
1653 4066 1859 4115 retinent
1880 4079 2121 4127 panecum.

1481 4149 1509 4176 ¹
1542 4142 1751 4203 Propter
1786 4139 1929 4202 hunc]
1990 4138 2177 4190 Refert
2219 4140 2332 4189 hoec
2374 4146 2477 4190 tot-

1417 4219 1555 4269 idem
1580 4215 1744 4269 ferme
1764 4216 1935 4267 verbis
1962 4216 2272 4269 Plutarchus
2294 4216 2345 4271 in
2365 4217 2476 4276 De}
