3000 4917
466 393 655 472 ’4444
1212 424 1278 471 c.
1327 421 1562 472 ommi
1613 422 1940 472 securam

470 555 652 631 ‘uude
683 565 975 630 maxime
1007 566 1230 631 flatum
1249 574 1318 614 ⁰4
1346 583 1521 651 opus
1549 567 1687 632 erat
1725 567 1960 650 frangi,
1990 563 2305 653 opposita
2330 568 2660 632 columna}

476 668 715 750 Itaque
773 674 1042 750 propter
1089 668 1600 748 magnitudinem
1656 668 2241 753 difficultatemque
2299 667 2660 746 movendi‚⁵

475 786 601 856 nou
647 769 867 849 attigit
913 769 1062 831 etim
1113 767 1368 831 Fabius
1413 767 1886 846 Verrucosus·‚¹’
1918 788 2067 834 cum
2116 769 2504 846 Herculem,
2536 769 2659 852 qui

476 870 680 932 estin
713 868 1071 953 capitolin,
1097 868 1263 942 inde,
1292 869 1719 934 transferret.q
1805 872 1983 935 Ante
2032 890 2267 935 omnes
2311 879 2538 935 autem
2589 867 2659 933 in

476 970 906 1035 admiratione
933 972 1058 1035 fuit
1090 969 1274 1035 'Solis
1317 972 1629 1036 colossus
1663 971 1937 1049 Rhodi,r
1963 991 2162 1055 quem
2196 973 2451 1036 fecerat
2478 971 2660 1036 Cha·

473 1091 581 1135 res
613 1072 947 1150 Ιιὶιιᾶίιιεᾲ,6
968 1080 988 1107 ⁸
1024 1072 1311 1155 Lysippi
1351 1092 1559 1155 supra
1589 1072 1754 1137 dicti
1782 1072 2173 1156 discipulus·
2262 1073 2658 1156 Septuagin-

470 1173 580 1238 tat
607 1174 977 1238 cubitorum
1008 1173 1385 1250 altitudinis
1405 1174 1557 1239 fuit.
1631 1174 1793 1238 Hoc
1825 1173 2248 1239 simulacrum
2281 1182 2437 1258 post
2466 1177 2660 1257 quin-

473 1276 974 1359 quagesimum²²
1002 1281 1268 1340 sextum
1314 1294 1555 1339 annum
1598 1280 1787 1340 terrae
1832 1283 2022 1342 motu
2073 1282 2504 1361 prostratum,
2537 1276 2662 1340 sed

536 1423 559 1453 ὲ
598 1422 817 1476 Ventum.

1382 1499 1534 1521 “ff“
1538 1475 1591 1522 0¹0
1598 1501 1653 1521 ‘O
1657 1500 1745 1523 ,θ’

466 1604 523 1649 ut
546 1614 593 1649 rt.
616 1615 658 1650 c.
688 1585 926 1664 procellis.
972 1600 1035 1651 Id
1069 1602 1207 1665 quod,
1243 1580 1420 1665 &ce-21
1455 1581 1603 1652 Idem
1642 1600 1761 1653 cod.
1800 1580 2171 1666 proflatum-6
2204 1599 2293 1650 Ita
2328 1597 2444 1649 cod.
2476 1596 2663 1648 Dulce-

1458 1751 1674 1803 NOTAE

534 1867 561 1900 P
593 1861 773 1912 Fabiu·
839 1864 1145 1930 Vemcosus]
1215 1866 1283 1918 Q.
1332 1867 1523 1917 Fabius
1594 1880 1761 1928 grove,
1780 1878 1963 1928 proepes
1982 1863 2150 1913 Amor.

468 1935 730 1986 Maximus
797 1940 1055 1996 Dictator,
1114 1942 1524 2005 Cunctatorque,
1663 1949 1683 1974 ¹·
1715 1941 1845 1989 Solis
1872 1942 2072 1989 colossus
2102 1935 2287 2000 Rhodi]
2324 1931 2661 1986 Describitur

446 2012 553 2059 ‚cui
598 2025 814 2062 verruca
853 2029 918 2064 ex
958 2030 1158 2065 summo
1196 2017 1332 2066 labio
1375 2026 1523 2066 extu·
1598 2016 1640 2065 is
1658 2017 1866 2079 egregie
1885 2031 1913 2064 a
1935 2016 2151 2064 Philone
2172 2012 2427 2078 Byzantio
2445 2011 2510 2061 de
2530 2012 2658 2074 Sep·

464 2085 650 2138 beram
673 2089 951 2140 Verrucosi
974 2105 1157 2141 nomen
1179 2092 1343 2144 dedit.
1396 2092 1522 2141 Plu·
1597 2100 1703 2143 tem
1738 2094 1922 2143 Min-ac.
1947 2109 2066 2157 pag.
2088 2098 2168 2142 11.
2200 2092 2337 2141 Vide
2371 2098 2426 2140 et
2455 2089 2656 2140 Antho-

465 2165 675 2214 tan-chus
707 2166 759 2215 in
793 2167 976 2230 Fabio,
999 2183 1117 2232 pag.
1145 2173 1253 2219 1⁷4.
1281 2169 1348 2220 Q.
1371 2168 1521 2217 Sere·
1596 2170 1787 2232 logiam
1801 2183 1890 2232 Νι.
1917 2174 1964 2218 1.

462 2254 559 2290 nus
603 2255 718 2304 cap.
761 2248 845 2293 65.
891 2259 1009 2307 pag.
1056 2249 1167 2294 164.
1205 2246 1220 2273 ⁴
1247 2244 1517 2294 Interdum

461 2318 644 2368 existit
681 2319 821 2382 turpi
863 2331 1077 2369 verruca
1116 2320 1336 2382 papilla:
1380 2319 1521 2369 Hinc

460 2395 715 2458 quondam
741 2396 907 2445 Fabio
931 2410 1105 2445 verum
1130 2410 1414 2458 cognomen
1434 2395 1521 2444 ad-

461 2470 634 2531 haesit‚
676 2471 777 2522 Qui
818 2473 957 2522 solus
1000 2473 1182 2536 patriae
1224 2471 1519 2521 cunctando

461 2549 698 2599 restituit
720 2551 860 2598 rem.’

522 2633 546 2666 ‘¹
584 2626 703 2674 Cum
731 2626 987 2675 Herculem
1010 2661 1025 2676 .
1047 2658 1062 2674 .
1084 2663 1098 2677 .
1123 2660 1138 2676 .
1161 2628 1271 2676 iude
1287 2628 1516 2687 transfer·

457 2699 557 2763 ret]
600 2701 684 2750 lta
727 2703 1040 2753 Plutarchus
1084 2703 1135 2750 iu
1179 2702 1359 2764 Fabio,
1401 2718 1521 2766 pag.

460 2775 577 2827 18⁷:
594 2782 651 2826 et
671 2777 859 2827 Strabo
878 2778 970 2826 lib.
999 2792 1074 2826 vr.
1099 2793 1218 2840 pag.
1235 2781 1350 2827 2⁷8.
1407 2778 1519 2827 De-

457 2852 686 2902 dicatum
719 2853 818 2903 hoc
844 2851 1031 2902 deinde
1060 2854 1385 2903 simulacrum
1418 2862 1520 2914 est,

457 2930 786 3000 positumque
819 2929 872 2977 in
898 2929 1178 2992 Capitolio,
1203 2943 1336 2977 anno
1358 2929 1518 2978 Urbis

456 3020 633 3056 cccci„
656 3008 717 3056 P.
734 3007 1038 3071 Sempronio
1052 3007 1248 3069 Sopho,
1268 3005 1330 3055 P.
1347 3007 1516 3070 Sulpi·

457 3083 541 3132 cio
580 3085 908 3141 Saverrione,
944 3084 1088 3136 coss.
1130 3091 1187 3133 ut
1223 3083 1401 3132 Livius
1435 3099 1513 3133 re-

452 3156 561 3208 fert
581 3160 671 3209 lib.
692 3173 771 3208 tx.
792 3174 909 3223 pag.
926 3164 1039 3209 169.
1094 3160 1181 3209 De
1201 3174 1263 3208 eo
1280 3158 1514 3209 Hercule

455 3250 605 3299 quem
647 3235 800 3285 finxit
842 3236 1098 3299 Lysippus
1144 3244 1513 3298 pet-venustum

454 3311 662 3361 Gemini
703 3314 1034 3376 Epigramma
1067 3312 1282 3375 legimus
1315 3311 1366 3359 in
1403 3310 1514 3360 An-

456 3389 581 3437 thol.
607 3402 687 3437 tv.
709 3393 755 3436 8.
799 3387 1057 3451 Ἠρακλες,
1078 3390 1171 3436 ποῦ
1204 3405 1281 3436 σοι
1312 3385 1514 3450 πτάρθος

453 3462 621 3527 μέγας,
643 3464 731 3523 ἥτε
763 3464 960 3525 Νέμειος
988 3466 1191 3526 Χλαῖνα,
1213 3463 1292 3513 καὶ
1311 3464 1343 3524 ἦ
1364 3459 1515 3525 τόξων

455 3539 662 3603 ἔμπλεος
689 3539 850 3599 ἶοδόὶιη
865 3539 896 3601 3⁴
918 3541 1019 3588 Ποῦ
1056 3539 1267 3604 σοβαρὸν
1303 3539 1512 3602 μίμημας

455 3617 527 3665 τίς
552 3616 763 3666 ἔπλασεν
778 3613 866 3664 ὧδε
883 3617 1073 3678 κατηφῆ
1087 3636 1101 3679 3
1117 3614 1371 3666 Λύσιππος·
1383 3621 1513 3677 χαλ-

454 3692 522 3753 κῷ
547 3691 589 3740 δ’
624 3689 888 3753 iquorem?
911 3689 1094 3751 ὀδύνην.
1148 3690 1306 3756 Ἀχθῃ
1327 3708 1513 3753 γυμνω-

451 3769 546 3819 θεὶς
581 3768 742 3817 ὅπλων
780 3767 893 3830 σέος
928 3768 1002 3817 τίς
1038 3766 1093 3816 δέ
1122 3768 1168 3815 σ·
1196 3766 1420 3831 ἔπερσεν;
1452 3768 1513 3824 Ὅ,

452 3842 665 3905 πτερόεις
698 3842 869 3909 (ὅντως
901 3842 965 3893 εἶς
1000 3842 1147 3907 βαρὺς
1183 3842 1351 3909 ἆθλος)
1382 3844 1511 3909 ἔρως.

450 3918 639 3982 Alcide,
663 3935 752 3983 quo
785 3920 1048 3976 curvatim,
1073 3919 1271 3983 telisque
1288 3921 1513 3983 pharetra

452 3995 626 4051 Dives,
648 4001 696 4043 et
716 4010 742 4044 e
766 3995 946 4044 Nemea
967 4001 1134 4058 raptus
1161 3996 1359 4044 amictus
1383 3995 1515 4045 abit?

454 4071 634 4121 Fastus
653 4071 763 4119 ubi?
792 4070 898 4134 quis
920 4076 966 4122 te
988 4078 1086 4120 tam
1106 4072 1238 4121 tristi
1251 4070 1421 4129 fronte
1437 4071 1511 4136 fi·

447 4149 628 4207 gur-ot?
673 4146 935 4210 Lysippus.-
963 4156 1103 4211 paret
1134 4150 1307 4200 multus
1333 4147 1388 4196 in
1415 4159 1513 4196 oere

449 4223 580 4270 dolor
594 4237 611 4270 .·
643 4221 797 4271 Armoe
827 4222 917 4284 tibi
945 4229 1110 4273 moeres
1126 4224 1370 4273 detracta:
1400 4224 1507 4288 quis

445 4297 644 4346 obstulit
696 4293 822 4350 iun?
907 4295 1066 4348 Unum
1116 4304 1370 4363 certamen,
1410 4299 1507 4348 'sed

1659 2253 1677 2277 ⁸
1712 2245 1892 2293 Chares
1903 2242 2129 2305 Lindius]
2154 2242 2425 2292 Inchoarat
2443 2241 2486 2289 is
2504 2252 2657 2306 sane:

1595 2318 1687 2369 sed
1724 2335 1839 2369 cum
1879 2327 2104 2368 errasset
2136 2318 2188 2367 iu
2226 2318 2425 2366 ratione
2462 2315 2656 2365 subdu-

1593 2395 1771 2456 cendae
1795 2395 2061 2459 impensae,
2087 2409 2246 2458 opere
2275 2394 2533 2453 inchoato,
2556 2391 2655 2441 sibi

1593 2486 1772 2522 necem
1810 2471 2000 2522 intulit.
2068 2469 2271 2519 Auctor
2304 2469 2494 2516 Sextus
2531 2467 2656 2515 Em-

1594 2547 1688 2609 pir.
1710 2546 1933 2594 Advers.
1949 2543 2201 2593 Mathem.
2216 2543 2304 2591 lib.
2327 2556 2426 2592 vu.
2461 2543 2655 2607 Itaque

1594 2622 1814 2685 perfecit
1829 2624 1979 2684 alius,
1995 2638 2057 2671 ex
2077 2621 2257 2672 eodem
2274 2621 2466 2684 oppido
2482 2621 2653 2669 Rhodi

1593 2697 1781 2747 Lindo.
1835 2700 1919 2748 De
1939 2712 2040 2761 quo
2059 2697 2335 2747 Simonidis
2359 2705 2503 2745 extat
2530 2698 2654 2760 Epi·

1592 2789 1819 2835 gramma
1874 2775 1923 2821 in
1980 2773 2192 2823 Anthol.
2232 2787 2307 2822 ιν.
2352 2778 2403 2832 (j.
2453 2772 2547 2820 Τὸν
2601 2770 2654 2819 ἐν

1589 2848 1733 2911 Ῥόδῳ
1787 2848 2029 2898 κολοσσὸν
2078 2847 2267 2898 ὀκτάκις
2319 2847 2436 2897 δέκα
2484 2845 2653 2909 Λάχης

1592 2924 1736 2973 ἐποίει
1768 2924 1964 2986 πηχέων
1992 2925 2019 2971 ὁ
2053 2923 2249 2974 Λίνδιος.
2312 2925 2529 2974 Grotius
2573 2926 2654 2976 ita

1592 3002 1849 3051 reddidit:
1886 3001 2069 3051 Laches
2098 3003 2323 3051 colossum
2348 3000 2552 3049 Lindius
2568 2999 2654 3058 fe?

1588 3078 1658 3126 cit
1684 3078 1867 3141 Rhodi,
1894 3078 1992 3132 Qui
2012 3092 2063 3126 se
2087 3091 2174 3139 per
2193 3077 2329 3124 ulnas
2357 3076 2500 3125 octies
2522 3075 2655 3124 toltit

1586 3155 1761 3204 decem.
1827 3154 2128 3203 Eustatliius
2167 3151 2234 3201 ad
2273 3152 2507 3215 Dionysii
2546 3151 2652 3199 Pe-

1589 3229 1716 3292 rieg.
1752 3243 1953 3278 versum
1992 3233 2106 3278 505.
2144 3241 2261 3290 pag.
2298 3231 2382 3276 ⁷2.
2421 3227 2496 3275 ait
2532 3240 2650 3276 esse

1586 3304 1804 3370 Χάρητος
1841 3304 1996 3368 ἔργον.
2061 3304 2248 3353 Servat
2283 3302 2521 3354 Clraretis
2559 3316 2651 3350 no·

1587 3396 1704 3430 men
1739 3382 1961 3430 alterum
1985 3379 2036 3427 in
2060 3377 2371 3440 Anthologia
2394 3378 2651 3441 epigram-

1588 3473 1687 3521 ma,
1708 3471 1793 3507 111.
1815 3461 1895 3507 12.
1924 3454 2038 3520 quo'
2059 3455 2247 3503 bucula
2283 3452 2348 3502 ab
2381 3466 2443 3501 eo
2477 3451 2653 3515 posita

1585 3542 1767 3585 contra
1783 3529 2285 3592 Constantinopolim
2310 3527 2567 3577 laudatur.

1651 3611 1669 3642 ²
1700 3605 2039 3670 Septuaginta]
2074 3605 2159 3653 Sic
2188 3603 2305 3651 libri
2333 3614 2527 3657 omnes,
2552 3601 2653 3649 etia·

1586 3699 1666 3734 am
1693 3684 1819 3731 Mss.
1841 3683 2170 3743 Epigramma
2190 3685 2344 3726 antea
2366 3675 2653 3737 laudatum,

1586 3761 1750 3811 LXX
1750 3761 1817 3809 X.
1835 3758 1924 3807 sed
1951 3764 2070 3805 sunt
2090 3754 2177 3820 qui
2200 3753 2252 3802 in
2276 3768 2338 3801 eo
2360 3749 2555 3801 ἑπτάκις
2573 3752 2645 3802 le·

1586 3846 1728 3903 gant,
1752 3846 1806 3886 et
1826 3833 1985 3898 Χάρης
2004 3848 2097 3898 pro
2114 3831 2296 3894 Λάχης.
2367 3830 2543 3880 Altum
2566 3828 2652 3878 fu·

1586 3916 1687 3964 isse
1710 3913 1869 3977 pedes
1893 3918 2098 3961 centnm
2122 3916 2174 3959 et
2202 3908 2424 3974 quinque
2458 3907 2649 3956 Festus

1587 3992 1680 4050 ait,
1705 3988 1862 4037 verbo
1886 3995 1900 4017 ‘
1918 3983 2195 4034 Colossusss

1649 4074 1673 4101 ¹¹
1718 4064 1842 4114 Post
1907 4057 2365 4126 quinquagesimum]
2439 4057 2648 4122 Nempe

1588 4156 1722 4192 anno
1765 4139 1989 4189 secundo
2033 4134 2357 4199 Olympiadis
2403 4146 2648 4186 cxxxix.

1585 4225 1799 4269 auctore
1831 4212 2051 4264 Eusebio
2085 4213 2136 4260 iu
2171 4209 2458 4260 Chronico:
2505 4208 2650 4263 unde

1587 4294 1813 4360 positum
1835 4296 2054 4355 apparet
2078 4287 2290 4350 olymp.
2315 4295 2481 4333 cxxv.
2507 4297 2644 4336 auno
