3000 4917
1192 404 1639 455 auc'ronum.
2342 391 2520 459 4943

304 563 397 602 eos
433 549 521 616 qui
556 549 625 600 de
665 548 873 601 Plantis
910 547 1250 612 Floribusq‘ue
1276 550 1619 613 scripserunt.
1686 549 1883 601 Pliiliui
1905 552 2329 617 compositionem
2353 553 2514 605 medi·

301 647 420 685 cam
441 630 773 683 commendat
792 632 1028 682 Galenus
1041 629 1369 692 κατὰτόπους,
1389 645 1490 681 vn.
1508 638 1557 682 5.
1575 646 1629 696 p.
1653 635 1767 683 558.
1788 638 1842 681 ct
1865 631 1991 682 κατὰ
2009 632 2146 695 γένη,
2163 648 2215 684 v.
2237 638 2310 686 13.
2332 650 2384 700 p.
2402 640 2518 686 796.

373 715 626 777 Philippus
648 712 989 764 Astronomus
1012 713 1426 777 antiquissimus,
1446 714 1599 776 cujus
1623 713 1878 763 Geminus
1912 729 1958 764 c.
1987 719 2038 766 6.
2061 716 2295 766 meminit
2317 718 2369 765 iu
2396 718 2519 767 Ele-

301 796 495 844 mentis
520 796 880 851 Astronomiae,
903 801 957 843 et
979 795 1300 845 Ptolemaeus
1338 796 1404 844 de
1430 794 1791 857 Apparentiis,
1816 810 1867 858 p.
1899 800 1982 846 89.
2020 803 2073 845 et
2101 796 2431 861 Hipparchus
2463 800 2516 849 in

302 875 573 925 Phaenom.
614 877 707 926 lib.
744 890 783 926 1.
821 891 872 939 p.
899 880 1010 927 179.
1048 879 1063 904 ‘
1084 878 1460 939 Parapegmata
1484 875 1855 926 Astronomica
1877 878 2202 942 composuit,’
2225 880 2394 946 inquit
2421 881 2515 931 Vi·

301 957 503 1006 truvius
523 970 601 1005 lx.
624 960 674 1006 7.
699 972 749 1018 p.
777 960 891 1006 196.

370 1038 658 1088 Philistides
692 1038 934 1097 Mallotes,
968 1052 1000 1086 a
1036 1038 1199 1086 Mallo
1234 1038 1434 1087 Ciliciae
1477 1039 1672 1102 oppido
1712 1040 2147 1102 cognominatus:
2193 1042 2268 1092 uti
2310 1042 2513 1094 Aristo-

300 1119 498 1182 phanes
523 1120 788 1181 Mallotes,
810 1121 995 1168 Crates
1020 1120 1283 1173 Mallotes.
1309 1128 1363 1169 et
1388 1121 1494 1169 alii.
1565 1121 1682 1171 Hoc
1719 1123 1891 1170 verius
1914 1122 2078 1172 multo
2109 1122 2355 1185 arbitror,
2388 1126 2512 1175 Phi·

298 1199 490 1249 listidis
526 1201 763 1249 nimirum
801 1202 1023 1263 patriam
1058 1201 1155 1249 hac
1190 1216 1319 1250 voce
1345 1203 1597 1262 Mallotes,
1623 1217 1774 1264 quam
1797 1216 1985 1252 nomen
2010 1203 2108 1252 viri
2130 1206 2396 1268 proprium
2420 1208 2512 1255 de-

299 1281 533 1344 signari:
570 1294 856 1345 quanquam
881 1295 980 1330 nec
1015 1295 1127 1330 sum
1160 1282 1369 1331 nescius
1395 1297 1424 1330 a
1447 1282 1610 1331 Suida
1636 1293 1775 1333 tomo
1799 1296 1866 1333 11.
1888 1297 2010 1347 pag.
2044 1287 2127 1334 87.
2150 1286 2351 1336 laudari
2374 1293 2512 1336 Μαλ-

295 1361 461 1420 λώτην
480 1361 755 1422 Tra—gicum
781 1360 1006 1423 poetam,
1025 1377 1091 1412 ex
1117 1362 1244 1412 urbe
1272 1362 1606 1424 Dionysiade-

365 1442 630 1491 Philistina
653 1442 884 1498 Siculus,¹
904 1442 1106 1491 Eudoxi
1130 1442 1301 1491 Cnidii
1328 1443 1380 1491 in
1405 1443 1609 1493 medica
1631 1443 1908 1506 disciplina
1931 1444 2210 1508 magistert
2248 1446 2382 1496 idem
2410 1450 2509 1499 Lo-

295 1524 499 1573 crensis
534 1523 843 1587 appellatus,
864 1523 1001 1588 quod
1035 1524 1087 1572 in
1123 1537 1189 1572 ea
1222 1524 1390 1574 Italiae
1426 1532 1579 1587 parte
1603 1526 1687 1575 diu
1714 1526 1782 1575 sit
1819 1532 2073 1576 versatus.
2137 1526 2341 1578 Gellius
2368 1542 2511 1580 xvu.

295 1608 380 1656 11.
406 1620 459 1669 p.
496 1608 613 1655 959.
650 1612 880 1654 veterem
918 1604 1176 1654 medicum
1211 1613 1268 1655 et
1303 1606 1533 1656 nobilem
1566 1614 1744 1658 xocat.
1814 1607 1955 1659 Huic
1989 1608 2120 1658 liber
2156 1609 2224 1658 de
2259 1611 2438 1663 Diaeta
2476 1625 2510 1660 a

293 1684 606 1751 quibusdam
625 1686 917 1748 ascribitur,
952 1686 1039 1751 qui
1063 1687 1202 1736 inter
1227 1686 1572 1752 Hippocratis
1595 1702 1756 1752 opera
1777 1695 1942 1738 extat.
2007 1689 2111 1739 Sed
2136 1695 2193 1739 et
2214 1691 2361 1754 hujus
2385 1691 2509 1740 Phi-

290 1766 519 1816 listionis
554 1764 718 1816 frater
756 1767 917 1817 libros
953 1767 1166 1831 scripsit
1203 1767 1270 1816 de
1311 1767 1625 1832 Adjntoriis,
1660 1768 1726 1818 ad
1768 1769 2074 1819 medicinam
2116 1770 2313 1833 pariter
2348 1772 2509 1835 perti-

289 1855 502 1911 nentes,
541 1862 759 1913 quorum
796 1847 1053 1899 secundus
1084 1862 1146 1900 ac
1169 1849 1445 1900 vicesimus
1480 1866 1512 1898 a
1534 1850 1697 1899 Caelio
1719 1847 2003 1902 Aureliano
2039 1848 2282 1900 laudatur
2319 1851 2510 1904 Chron-

292 1944 356 1984 Ὗ.
375 1933 424 1980 1.

360 2012 618 2063 Philistus.
683 2010 969 2072 §latomos-,h
988 2011 1229 2069 Φίλιπω,
1247 2010 1417 2076 inquit
1435 2011 1623 2062 Suidas
1645 2017 1788 2061 tomo
1811 2026 1874 2062 11.
1902 2027 1955 2075 p.
1979 2016 2126 2063 1055.
2149 2012 2506 2077 Syracusanus

288 2091 429 2143 fuit:
483 2095 706 2145 Doctum
743 2094 998 2144 hominem
1032 2099 1089 2143 et
1119 2093 1420 2157 diligentem
1445 2093 1628 2143 Cicero
1655 2099 1807 2142 vocat
1829 2092 1893 2141 de
1934 2092 2114 2143 Divin.
2138 2093 2228 2144 lib.
2254 2106 2295 2144 1.
2319 2108 2370 2158 p.
2396 2101 2507 2148 173.

292 2174 553 2237 Dionysio
597 2175 805 2238 seniori,
848 2176 997 2240 cujus
1043 2181 1296 2238 cognatus
1338 2173 1459 2236 fuit,
1501 2175 1553 2224 in
1596 2173 1965 2224 constituendo
2010 2174 2310 2239 principatu
2354 2175 2507 2228 favit.

291 2254 520 2318 Scripsit
551 2271 637 2307 res
672 2256 873 2305 Siculas
910 2255 1051 2305 libris
1089 2270 1173 2306 xi.
1212 2263 1350 2305 teste
1387 2255 1619 2305 Diodoro
1658 2254 1751 2304 lib.
1790 2268 1918 2304 xm.
1956 2270 2008 2318 p.
2048 2260 2165 2305 222.
2198 2257 2505 2321 AEgyptiaca

280 2335 433 2387 libris
458 2349 560 2386 xu.
594 2336 755 2386 Suida
781 2343 937 2387 teste.
1004 2334 1388 2400 ’ἱστοριογράφος
1427 2336 1598 2386 dictus
1634 2352 1666 2386 a
1688 2336 1883 2385 Tzetze
1903 2336 2123 2389 Chiliad.
2146 2350 2202 2388 x·-
2223 2337 2366 2388 Hist.
2386 2343 2504 2389 358.

289 2429 373 2465 vs.
393 2420 509 2466 829.
576 2417 640 2467 In
666 2418 867 2466 ratione
891 2418 1120 2468 historiae
1144 2416 1532 2468 conscribendas
1560 2420 1575 2445 ‘
1594 2416 1916 2479 Thucydidis
1953 2417 2220 2473 imitator?
2244 2419 2315 2468 ait
2340 2420 2504 2470 Quin·

289 2496 462 2547 tilian.
486 2512 543 2547 x.
578 2503 622 2547 1.
657 2512 706 2562 p.
741 2503 857 2549 743.
903 2507 919 2530 ·
939 2505 992 2547 et
1023 2497 1347 2562 aliquatenus
1390 2496 1645 2547 lucidior?
1713 2497 1949 2547 Desiisse
1974 2506 2149 2549 tamen
2174 2500 2386 2564 placere
2410 2515 2504 2556 sua

290 2585 459 2628 aetate
480 2579 667 2629 scribit
698 2579 883 2629 Cicero
905 2579 956 2629 in
978 2580 1168 2639 Bruto,
1196 2595 1249 2642 p.
1272 2583 1388 2629 534.
1455 2580 1559 2631 Qui
1582 2579 1925 2641 μελιτουργικὰ
1941 2579 2212 2644 scripsisse
2235 2581 2425 2632 dicitur
2448 2582 2501 2630 in

289 2659 484 2710 Indice
522 2659 613 2710 lib.
649 2674 731 2710 ιι.
763 2668 821 2709 et
858 2674 975 2724 cap.
1014 2664 1064 2711 9.
1097 2660 1333 2724 ejusdem
1367 2660 1505 2724 libri,
1526 2660 1750 2710 Thasius
1774 2662 1947 2724 patria
1968 2675 2086 2712 cum
2109 2660 2292 2726 fuerit,
2314 2663 2381 2713 ab
2403 2663 2504 2716 isto

288 2740 529 2792 diversus
551 2743 703 2806 plane
727 2742 928 2792 extitit.

358 2824 672 2873 Philometor.
738 2822 873 2872 Vide
895 2823 1108 2873 Attalus.

357 2906 656 2956 Philonides.
721 2904 963 2955 Medicus
986 2919 1050 2954 eo
1069 2904 1280 2955 nomine
1317 2906 1693 2967 Dyrra'cbenus
1731 2904 1856 2967 fuit,
1883 2905 2033 2969 cujus
2066 2905 2362 2968 Stephanus
2392 2913 2502 2955 me'-

287 2986 443 3037 minit
484 2985 643 3036 verbo
680 2983 967 3048 Δυῤῥάχιον,
1005 2986 1094 3050 qui
1130 2985 1293 3035 libros
1326 2984 1493 3035 edidit
1517 2987 1744 3051 quinque
1769 2991 1825 3035 et
1866 2998 1957 3036 Χῖ..
2024 2983 2199 3036 Alium
2241 2992 2501 3048 praeterea

289 3067 478 3118 Suidas
512 3067 881 3117 Atheniensem
919 3066 1183 3115 Comicum
1222 3065 1431 3130 poetam
1471 3073 1671 3129 narrat,
1702 3066 1848 3122 cuius
1888 3065 1999 3129 ipse
2023 3064 2229 3113 fabulas
2252 3065 2498 3129 quasdam

290 3148 545 3198 nominat.
599 3147 757 3197 Hunc
781 3147 952 3210 potius
976 3145 1176 3195 laudari
1201 3162 1232 3196 a
1254 3147 1427 3195 Plinio
1458 3154 1658 3209 putem,
1680 3146 1731 3195 in
1759 3144 1942 3196 Iudice
1970 3145 2059 3195 lib.
2084 3159 2165 3195 ιν.
2188 3154 2243 3194 et
2267 3160 2320 3195 v.
2345 3159 2498 3210 quam

287 3229 437 3279 illum
464 3229 711 3292 priorem,
735 3229 958 3277 aliumve
983 3227 1232 3290 Siculum,
1263 3241 1416 3293 quem
1441 3227 1507 3277 de
1531 3228 1747 3277 Medica
1776 3228 1854 3278 Re
1886 3226 2149 3290 scripsisse
2173 3226 2245 3274 ait
2269 3226 2498 3276 Galenus

287 3310 381 3362 lib.
402 3323 480 3359 ιν.
506 3309 572 3358 de
598 3307 782 3360 Differ.
806 3308 954 3359 Puls.
990 3309 1071 3357 De
1097 3307 1299 3360 Coronis
1326 3322 1437 3357 vero
1458 3313 1506 3358 et
1533 3308 1822 3371 vnguentis,
1840 3304 1945 3369 περὶ
1963 3305 2118 3372 μύρων
2136 3303 2215 3354 καὶ
2229 3302 2497 3369 στεφάνων,

288 3389 492 3444 Athen.
511 3390 602 3439 lib.
623 3403 717 3440 xv.
737 3404 788 3452 p.
808 3393 924 3440 674.

355 3470 658 3534 Philopator.
726 3470 959 3520 Galenus
992 3467 1059 3518 de
1093 3469 1342 3532 Cognosc.
1372 3468 1729 3534 Curandisque
1755 3468 1928 3518 Animi
1952 3467 2176 3526 Morbis,
2200 3482 2319 3534 cap.
2344 3472 2392 3520 8.
2419 3475 2496 3517 to·-

287 3566 375 3601 mo
412 3566 492 3601 vr.
533 3566 585 3614 p.
617 3554 735 3602 532.
804 3550 1154 3614 Philopatoris
1188 3550 1353 3600 Stoici
1391 3551 1647 3600 meminit.
1713 3552 1906 3602 Verum
1948 3549 2000 3600 in
2040 3549 2157 3599 cod.
2197 3550 2263 3599 R.
2296 3555 2342 3602 1.
2368 3554 2418 3601 2.
2442 3556 2500 3599 et

290 3633 443 3682 Colb.
468 3637 515 3682 2.
542 3632 593 3680 in
617 3632 860 3680 Pliniano
896 3630 1078 3681 Indice
1101 3632 1190 3680 lib.
1214 3644 1374 3682 xxix.
1398 3646 1503 3681 non
1525 3633 1836 3695 Philopatore
1858 3631 2071 3693 legitur,
2093 3630 2184 3679 sed
2214 3630 2496 3693 Phalopolo,

289 3721 350 3762 ut
375 3712 517 3763 forte
538 3713 818 3775 Polaephato
857 3711 957 3775 legi
995 3713 1253 3776 scribique
1277 3719 1539 3776 oporteat.
1605 3713 1738 3762 Sunt
1762 3718 1934 3761 autem
1958 3711 2165 3774 plurimi
2187 3725 2247 3760 ea
2269 3710 2497 3773 appella-

290 3794 435 3844 tione
458 3795 630 3856 magni
653 3794 877 3843 nominis
902 3794 1203 3856 scriptores,
1228 3808 1355 3857 quos
1377 3793 1554 3842 videre
1577 3800 1656 3841 est
1677 3792 1812 3855 apud
1837 3791 2044 3840 Suidam
2069 3796 2206 3840 tomo
2230 3804 2292 3839 ιι.
2313 3804 2367 3852 p.
2382 3794 2498 3840 408.

290 3882 346 3925 et
369 3878 488 3924 409.
558 3875 655 3923 Est
691 3876 825 3923 enim
866 3872 1196 3937 Palaephatus
1219 3873 1570 3929 Atheniensis,
1593 3872 1974 3922 vetustissimus
1998 3875 2119 3934 post
2141 3870 2495 3932 Phemonoen,

288 3955 467 4020 poe'ta,
491 3955 579 4019 qui
602 3953 905 4015 κοσμοποιῒαν
930 3953 1160 4017 scripsit.
1216 3952 1367 4001 Alter
1391 3953 1685 4016 Prienaeus,
1705 3953 1789 4016 qui
1813 3951 2121 4004 Artaxerxis
2144 3958 2304 3999 aetate
2328 3951 2458 4006 vixit
2479 3968 2493 4000 ε

289 4035 560 4099 ediditque
601 4036 760 4084 libros
795 4036 1020 4100 quinque
1055 4032 1310 4094 Ἀπίστων,
1348 4032 1446 4082 hoc
1488 4040 1590 4090 est,
1635 4033 1815 4084 Rerum
1846 4030 2216 4080 Incredibilium.
2282 4031 2492 4084 Tertius

287 4116 583 4180 Abydenus
619 4117 917 4181 historicus,
954 4117 1040 4180 qui
1081 4115 1357 4179 Cypriaca,
1386 4113 1623 4169 Deliaca,
1662 4113 1861 4167 Attica,
1899 4119 1954 4160 et
1993 4110 2222 4162 Arabica
2261 4113 2493 4176 scripsit,

286 4196 571 4246 Aristoteli
597 4195 747 4245 valde
770 4196 1049 4248 familiaris.
1104 4198 1337 4247 Quartus
1363 4194 1658 4259 AEgyptius,
1680 4195 1767 4259 qui
1788 4192 2024 4242 fabulosa
2046 4192 2373 4256 conscripsit,
2392 4196 2494 4246 istc.

353 4277 778 4343 Philostephanus,
802 4277 1106 4329 Callimachi
1131 4275 1373 4342 Cyrenaei
1401 4284 1787 4335 conterraneus,
1809 4281 1864 4326 et
1891 4271 2158 4342 σύγχρους
2186 4272 2294 4326 sive
2317 4287 2491 4340 sequa-
