3000 4917
2285 374 2461 442 4579

238 539 528 605 buerat.’
617 540 815 605 Fecit
868 546 939 604 et
993 539 1227 622 figlina
1286 556 1517 622 opera,
1546 556 1711 631 ¹quae
1761 538 1910 601 sola
1971 536 2040 600 in
2085 536 2458 602 Ambracia·

239 644 482 709 relicta
532 650 711 714 sunt,
741 661 898 705 cum
952 641 1108 705 inde
1155 641 1394 705 Musas
1427 639 1708 703 Fulvius
1741 637 2117 703 Nobiliorw
2162 637 2458 703 Romam

240 744 648 810 transferret.
740 745 1073 809 zeuxidis
1105 763 1304 807 manu
1337 743 1578 806 Romae
1611 741 1881 806 Helena
1906 748 2056 805 est¹
2098 743 2166 806 in
2204 741 2457 824 Philip-

240 850 315 930 pi
348 848 809 930 porticibus:y
852 854 920 911 et
949 848 1020 911 in
1053 846 1460 912 Concordiae
1481 853 1505 879 ⁸
1549 845 1828 909 delubro
1858 844 2176 928 Marsyas
2216 844 2460 927 religa-⁴

241 959 382 1015 tus.

331 1050 812 1115 Parrhasius¹²
868 1051 1120 1134 Ephesi
1177 1056 1430 1127 natuS,⁸
1487 1054 1553 1112 et
1610 1050 1763 1131 ipse
1821 1050 2036 1113 multa
2092 1050 2460 1114 constituit.

245 1152 526 1217 Primus
555 1153 1010 1236 symmetriam
1054 1153 1343 1236 picturae
1367 1149 1393 1187 ¹²
1448 1150 1658 1229 dedit,
1697 1152 1950 1234 primus
1995 1153 2287 1234 argutias
2317 1152 2460 1216 vul-

822 394 1009 445 κων.-
1038 392 1239 443 msr.
1285 392 1437 441 ms.
1481 390 1745 441 xxxv·
1785 376 1895 442 36.

1178 1315 1545 1338 “boum“

246 1423 310 1468 12
335 1419 423 1468 Ita
453 1417 711 1468 Harduin.
737 1423 785 1469 1.
818 1423 868 1468 2.
894 1422 942 1468 3.
966 1425 1021 1468 et
1041 1426 1267 1470 recentt.
1290 1419 1364 1468 ita
1382 1402 1587 1482 quoque
1608 1416 1837 1466 Pausau.
1881 1416 2118 1465 Para-rius
2140 1415 2374 1465 Gronov.
2402 1422 2459 1465 et

1248 1580 1466 1631 NOTAE

311 1687 346 1712 V
398 1679 606 1729 Notas
650 1679 897 1742 Nobilior]
952 1678 1111 1728 Anno
1165 1677 1324 1728 Urbis
1398 1676 1500 1728 fuit
1533 1677 1845 1727 lacertorum
1889 1678 1956 1728 vi.
2035 1677 2179 1727 Hinc
2213 1676 2367 1728 fictus
2407 1682 2464 1728 et

250 1760 480 1805 ncnxv’r.
534 1756 824 1805 Eumenius
848 1757 1068 1812 Rhetor,
1092 1756 1144 1804 in
1170 1754 1325 1805 Orat.
1399 1755 1536 1818 apud
1580 1754 1887 1818 Gruterum,
1928 1755 2168 1817 Ἡρακλῆς
2206 1752 2468 1815 Mones-ms

249 1844 345 1894 pro
364 1832 719 1880 restaurandis
739 1832 944 1892 scholis,
960 1845 1100 1880 num.
1119 1834 1169 1880 7.
1206 1832 1221 1858 ‘
1237 1829 1323 1879 AE·

247 1910 365 1959 dem
390 1910 643 1960 Herculis
663 1911 936 1960 Musarum
960 1912 1011 1960 in
1035 1910 1188 1960 Circo
1207 1911 1325 1960 Fla-

248 1985 406 2034 minio
430 1986 646 2036 Fulvius
686 1987 773 2035 ille
812 1986 1054 2037 Nobilior
1076 2001 1144 2036 ex
1167 2001 1325 2051 pecu-

248 2064 331 2111 nia
357 2062 621 2112 Censoria
655 2062 803 2125 fecit,
837 2078 940 2112 uon
980 2064 1033 2112 id
1069 2064 1222 2113 modo
1247 2078 1325 2113 se·

247 2148 425 2202 cutus,
477 2141 617 2204 quod
662 2141 777 2204 ipse
817 2141 1007 2202 literis,
1041 2148 1098 2190 et
1141 2140 1326 2189 summi

249 2215 421 2279 poetae
447 2216 680 2265 amicitia
703 2217 1016 2265 duceretur:
1053 2215 1149 2265 sed
1188 2214 1326 2280 quod

246 2292 297 2340 iu
322 2292 537 2342 Graecia
578 2307 694 2342 cum
721 2299 860 2342 esset
899 2292 1216 2356 Imperator,
1240 2308 1326 2343 ac-

246 2376 470 2429 ceperat
504 2368 792 2417 Herculem
817 2370 1152 2432 Musagetem
1191 2382 1326 2432 esse,

248 2441 300 2490 id
320 2452 424 2500 est,
450 2444 698 2493 comitem
722 2445 1010 2508 ducemque
1030 2444 1323 2493 Musarum:

248 2518 497 2583 idemque
545 2520 742 2581 primus
792 2534 980 2568 novem
1020 2521 1187 2584 signa,
1230 2521 1327 2569 hoc

250 2605 351 2658 est,
366 2595 599 2644 omnium
620 2598 1005 2655 camoenarum,
1020 2614 1084 2647 ex
1106 2596 1328 2647 Ambra-

250 2673 413 2722 cieusi
456 2673 659 2736 oppido
712 2676 985 2739 translata,
1026 2676 1122 2726 sub
1163 2675 1330 2727 tutela

251 2746 527 2798 fortissimi
555 2750 794 2799 Numinis
826 2752 1193 2809 consecravit,’
1226 2756 1326 2804 διο.

252 2827 334 2876 De
358 2824 705 2886 expeditione
726 2827 892 2876 Fulvii
916 2828 969 2877 in
993 2828 1329 2880 Ambracien-

254 2917 332 2951 ses
356 2901 485 2951 vide
512 2901 716 2950 Livium
741 2904 830 2952 lib.
854 2917 1104 2954 xxxviii.
1129 2920 1182 2969 p.
1211 2911 1328 2957 482.

253 2979 479 3041 Spectat
498 2976 601 3026 huc
626 2977 846 3027 Gruteri
876 2979 1169 3045 inscriptio,
1209 2996 1329 3046 pag.

255 3057 401 3102 1070.
448 3066 720 3104 ueneni.
756 3068 1055 3105 uvsanvsr.
1091 3070 1329 3109 ενι-ενα.

255 3131 322 3179 Et
366 3129 561 3190 altera,
606 3144 725 3194 pag.
759 3135 845 3183 48.
893 3137 1178 3187 ΗΡΑΚΛΕΙ.
1229 3141 1330 3185 'rm

256 3210 663 3255 MorcArH‘rHi.
730 3207 987 3258 Nummus
1022 3210 1263 3275 antiquus
1299 3226 1330 3261 e

259 3282 483 3332 cimelio
503 3283 686 3346 Regio,
710 3297 997 3351 naucum
1032 3299 1332 3350 uvssnvsr,

259 3358 311 3407 iu
349 3372 456 3424 quo
481 3359 743 3409 Hercules
769 3376 885 3410 cum
915 3363 1054 3426 lyra:
1091 3377 1157 3413 ex
1180 3372 1331 3428 parte

259 3434 429 3483 altera
474 3443 639 3497 caput
684 3434 1047 3499 Apollinis—⁴
1076 3440 1330 3490 Nummus

259 3511 507 3575 antiquus
522 3511 828 3575 Pomponiae
847 3516 1035 3578 gentis,
1050 3528 1336 3568 annonas

261 3597 563 3643 ursarum,
587 3588 643 3639 iu
658 3603 760 3653 quo
777 3590 1038 3641 Hercules
1054 3607 1172 3642 cuin
1187 3593 1300 3657 lyra
1314 3609 1329 3642 t

260 3676 323 3711 ex
347 3671 507 3726 parte
533 3665 701 3715 altera
722 3675 882 3730 caput
904 3669 1095 3718 Numae
1120 3670 1334 3734 Pompi-

259 3740 330 3798 lii,
355 3756 387 3790 a
411 3755 518 3807 quo
551 3755 681 3805 gens
698 3743 986 3806 Pomponia
1005 3745 1156 3796 duxit
1175 3746 1330 3809 origi·

260 3830 395 3867 nem.
465 3817 611 3867 Hinc
651 3819 883 3882 imperiti
918 3819 1120 3870 finxere
1158 3822 1335 3871 AEdem

261 3894 493 3944 Herculis
504 3896 783 3960 Musarum,
804 3899 885 3947 vel
911 3898 1137 3949 Herculis
1153 3904 1202 3948 et
1219 3899 1333 3949 Μαι

259 3984 451 4021 sorum:
490 3987 610 4020 cum
647 3977 914 4022 sententia
954 3975 1017 4023 iis
1056 3974 1219 4025 literis
1245 3990 1334 4025 ex·

262 4060 441 4109 pressa
475 4048 562 4104 sit.
595 4049 612 4076 ⁴
637 4063 921 4099 annonas
963 4052 1125 4115 signis
1158 4066 1328 4103 mvsa-

263 4136 375 4171 rum
410 4123 867 4174 Ambraciensibus
912 4128 1107 4176 Romuli
1147 4129 1331 4179 vrbem

264 4200 586 4249 muneravit?
652 4202 737 4250 Ad
764 4203 1124 4254 transferenda
1148 4208 1333 4269 utique

267 4290 410 4345 παθη
454 4277 608 4340 signa
653 4292 838 4329 novem
890 4279 1155 4330 Herculea
1197 4296 1328 4346 opus

1396 1829 1518 1889 rus-‚⁹
1554 1832 1651 1881 Ed.
1674 1845 1765 1880 sec.

1462 1915 1489 1940 ¹
1516 1908 1704 1957 Helena
1725 1907 1820 1971 est]
1855 1908 2008 1958 Haud
2030 1907 2187 1958 dubie
2211 1921 2291 1965 ea,
2309 1922 2464 1973 quam

1400 1984 1720 2034 crotoniatis
1746 1984 1977 2047 pinxisse
1999 1984 2119 2033 olim
2146 1999 2177 2032 a
2194 1984 2363 2033 Tullio
2385 1983 2464 2033 di-

1400 2064 1538 2112 citur
1566 2063 1630 2112 de
1663 2063 1781 2112 Iuv.
1803 2076 1870 2112 ιι.
1896 2067 1941 2111 1.
2010 2063 2096 2112 De
2119 2063 2215 2112 hac
2240 2061 2463 2112 Helenae

1402 2140 1612 2202 pictura
1656 2138 1775 2187 vide
1820 2138 1945 2203 quid
1992 2139 2222 2189 AEliauus
2267 2139 2466 2193 scribat

1400 2216 1529 2264 Var.
1551 2214 1695 2264 Hist.
1716 2228 1797 2263 ιν.
1822 2218 1902 2264 12.
1935 2222 1992 2264 et
2020 2228 2144 2266 xiv.
2166 2218 2249 2264 4⁷.
2319 2213 2463 2267 Quid

1400 2291 1527 2340 item
1551 2291 1793 2341 Valerius
1815 2291 1959 2342 Max.
1985 2305 2073 2342 m.
2095 2296 2144 2342 7.

1466 2375 1489 2409 5
1515 2366 1733 2430 Philippi
1763 2368 2048 2431 porticibus]
2071 2369 2317 2418 Porticus
2341 2370 2468 2420 Phi·

1401 2444 1534 2506 lippi
1578 2445 1785 2507 Marcii,
1841 2445 1927 2508 qui
1975 2443 2202 2508 Augusti
2250 2445 2467 2495 vitricus

1403 2519 1522 2575 suit,
1564 2520 1615 2567 iu
1662 2520 1899 2583 Regione
1931 2521 2089 2571 Urbis
2125 2536 2262 2571 nona
2314 2537 2346 2570 a
2403 2522 2466 2570 Ρ.

1404 2597 1625 2644 Victore
1650 2596 1920 2653 statuitur,
1944 2598 1996 2644 in
2019 2612 2121 2661 qua
2156 2603 2210 2647 et
2245 2598 2289 2646 is
2329 2597 2469 2648 Her·

1404 2672 1536 2721 erilis
1591 2672 1860 2722 Musarum
1916 2673 2081 2723 aedem
2138 2675 2469 2726 instauravit·

1403 2748 1637 2798 Mai-rial.
1660 2761 1714 2796 v.
1738 2753 1819 2799 50.
1853 2751 1868 2777 ‘
1893 2749 2040 2799 Vites
2075 2764 2267 2799 censeo
2304 2750 2469 2811 porti·

1405 2840 1523 2875 cum
1546 2825 1814 2889 Philippi=
1848 2825 1905 2876 Si
1946 2832 2001 2875 te
2041 2825 2235 2876 viderit
2264 2826 2469 2878 Hercu·

1404 2905 1498 2964 les,
1522 2902 1739 2966 peristi!
2465 2930 2469 2935 ·

1465 2988 1486 3014 ⁸
1523 2981 1593 3030 Et
1613 2981 1666 3028 is
1690 2979 1993 3045 Concordia]
2046 2979 2278 3042 Region«
2309 2979 2468 3030 Urbis

1405 3063 1613 3109 octava.

1470 3141 1493 3167 ⁸
1513 3133 1806 3182 Parrhasias
1828 3132 1999 3195 Ephesi
2018 3132 2183 3195 natus]
2203 3131 2288 3181 Sic
2305 3130 2472 3182 Athe-

1404 3220 1551 3259 naeus
1572 3208 1660 3257 lib.
1680 3221 1786 3257 xii.
1808 3224 1859 3271 p.
1874 3212 1989 3257 643.
2032 3209 2222 3258 Strabo
2238 3208 2328 3258 lib.
2344 3223 2469 3261 xiv.

1407 3300 1528 3350 pag.
1557 3289 1671 3335 642.
1737 3285 1961 3334 Tzetzes
1993 3285 2129 3336 Chii.
2165 3299 2292 3335 vnt-
2325 3286 2468 3338 Hist-

1409 3367 1521 3413 198.
1586 3362 1786 3412 Seneca
1807 3368 1960 3425 pater
1988 3363 2088 3413 loc.
2107 3363 2198 3413 cit.
2217 3364 2284 3412 ab
2305 3360 2472 3413 Athe·

1407 3438 1673 3489 niensibus
1705 3439 1951 3489 donatum
1998 3440 2213 3489 civitate
2262 3439 2469 3490 iuuuitz

1408 3523 1466 3566 ut
1489 3522 1543 3565 et
1569 3516 1829 3579 interpres
1860 3515 2071 3567 Horatii
2093 3516 2159 3566 ad
2194 3530 2271 3566 ιν.
2295 3517 2399 3567 od.
2421 3522 2472 3567 Δ.

1471 3591 1497 3627 1’
1530 3594 1729 3642 Primus
1746 3593 2071 3658 symmetrian
2092 3592 2317 3656 picture]
2349 3595 2474 3644 Pic-

1409 3674 1542 3717 turm
1588 3668 1914 3732 Parrhasius,
1965 3675 2021 3717 ut
2066 3668 2334 3718 statuaria
2369 3669 2475 3716 Eu-

1409 3746 1663 3810 phranor:
1688 3746 1756 3794 de
1773 3759 1876 3809 quo
1894 3745 2006 3808 ipse
2028 3743 2239 3793 inferius
2260 3758 2378 3807 cap.
2390 3748 2476 3793 40-

1404 3823 1421 3848 ⁸
1451 3820 1757 3884 Euphranor
1784 3820 2028 3869 Isthmius
2048 3853 2062 3866 .
2078 3852 2092 3867 .
2107 3854 2119 3868 .
2139 3819 2289 3869 Fecit
2311 3825 2367 3869 et
2389 3833 2476 3870 co·

1409 3899 1637 3956 lossos,..
1652 3931 1666 3945 .
1688 3897 1791 3946 Hic
1809 3897 2008 3960 primus
2032 3895 2238 3946 videtur
2259 3898 2476 3958 ex'pres-

1410 3977 1540 4024 sisse
1562 3975 1845 4037 dignitates
1862 3974 2098 4035 heroum,
2121 3982 2177 4025 et
2201 3989 2474 4039 usurpasse

1410 4049 1798 4115 symmetriam.’
1865 4051 1965 4099 Vel
1995 4066 2269 4115 usurpasse
2291 4053 2374 4103 hic
2398 4052 2473 4101 di-

1411 4131 1567 4185 citur,
1588 4142 1681 4178 seu
1714 4128 1954 4178 retulisse
1976 4130 2027 4178 in
2051 4144 2216 4192 usum,
2239 4131 2376 4195 quod
2399 4132 2472 4179 al·

1410 4213 1493 4255 ter
1518 4207 1802 4255 invenerat.
