<?xml version="1.0" encoding="UTF-8"?>
<!DOCTYPE html PUBLIC "-//W3C//DTD XHTML 1.0 Transitional//EN"
    "http://www.w3.org/TR/xhtml1/DTD/xhtml1-transitional.dtd">
<html xmlns="http://www.w3.org/1999/xhtml" xml:lang="en" lang="en">
 <head>
  <title>
</title>
<meta http-equiv="Content-Type" content="text/html;charset=utf-8" />
  <meta name='ocr-system' content='tesseract 3.04.00' />
  <meta name='ocr-capabilities' content='ocr_page ocr_carea ocr_par ocr_line ocrx_word'/>
</head>
<body>
  <div class='ocr_page' id='page_1' title='image "./cpliniisecundin01valpgoog_0232.png"; bbox 0 0 3000 4917; ppageno 0'>
   <div class='ocr_carea' id='block_1_1' title="bbox 480 371 654 437">
    <p class='ocr_par' dir='ltr' id='par_1_1' title="bbox 480 371 654 437">
     <span class='ocr_line' id='line_1_1' title="bbox 480 371 654 437; baseline 0.011 -2"><span class='ocrx_word' id='word_1_1' title='bbox 480 371 654 437; x_wconf 80' lang='lat'>4588</span> 
     </span>
    </p>
   </div>
   <div class='ocr_carea' id='block_1_2' title="bbox 428 522 2679 2048">
    <p class='ocr_par' dir='ltr' id='par_1_2' title="bbox 479 522 2676 720">
     <span class='ocr_line' id='line_1_2' title="bbox 481 522 2676 619; baseline 0.003 -24"><span class='ocrx_word' id='word_1_2' title='bbox 481 522 758 610; x_wconf 83' lang='lat' dir='ltr'><strong>debat,⁴³</strong></span> <span class='ocrx_word' id='word_1_3' title='bbox 789 530 1277 617; x_wconf 88' lang='lat' dir='ltr'><strong>Asclepiodoro</strong></span> <span class='ocrx_word' id='word_1_4' title='bbox 1308 535 1391 599; x_wconf 93' lang='lat' dir='ltr'><strong>de</strong></span> <span class='ocrx_word' id='word_1_5' title='bbox 1420 534 1806 612; x_wconf 80' lang='lat' dir='ltr'><strong>mensuriS,¹</strong></span> <span class='ocrx_word' id='word_1_6' title='bbox 1833 535 1966 599; x_wconf 86' lang='lat' dir='ltr'><strong>hoo</strong></span> <span class='ocrx_word' id='word_1_7' title='bbox 1996 542 2123 613; x_wconf 89' lang='lat' dir='ltr'><strong>est,</strong></span> <span class='ocrx_word' id='word_1_8' title='bbox 2156 542 2400 619; x_wconf 88' lang='lat' dir='ltr'><strong>quanto</strong></span> <span class='ocrx_word' id='word_1_9' title='bbox 2431 534 2596 619; x_wconf 85' lang='lat' dir='ltr'><strong>qnid</strong></span> <span class='ocrx_word' id='word_1_10' title='bbox 2638 558 2676 602; x_wconf 86' lang='lat' dir='ltr'><strong>a</strong></span> 
     </span>
     <span class='ocr_line' id='line_1_3' title="bbox 479 626 2676 720; baseline 0.002 -21"><span class='ocrx_word' id='word_1_11' title='bbox 479 657 615 720; x_wconf 87' lang='lat' dir='ltr'><strong>quo</strong></span> <span class='ocrx_word' id='word_1_12' title='bbox 646 626 888 700; x_wconf 88' lang='lat' dir='ltr'><strong>distare</strong></span> <span class='ocrx_word' id='word_1_13' title='bbox 919 635 1202 702; x_wconf 84' lang='lat' dir='ltr'><strong>deberet.</strong></span> <span class='ocrx_word' id='word_1_14' title='bbox 2667 670 2676 683; x_wconf 81' lang='lat'><strong>·</strong></span> 
     </span>
    </p>

    <p class='ocr_par' dir='ltr' id='par_1_3' title="bbox 428 739 2679 2048">
     <span class='ocr_line' id='line_1_4' title="bbox 559 739 2679 823; baseline 0.001 -20"><span class='ocrx_word' id='word_1_15' title='bbox 559 739 822 804; x_wconf 84' lang='lat' dir='ltr'><strong>Scitum</strong></span> <span class='ocrx_word' id='word_1_16' title='bbox 867 745 973 802; x_wconf 90' lang='lat' dir='ltr'><strong>est</strong></span> <span class='ocrx_word' id='word_1_17' title='bbox 1012 739 1185 803; x_wconf 86' lang='lat' dir='ltr'><strong>inter</strong></span> <span class='ocrx_word' id='word_1_18' title='bbox 1226 740 1666 822; x_wconf 84' lang='lat' dir='ltr'><strong>Protogenem</strong></span> <span class='ocrx_word' id='word_1_19' title='bbox 1698 746 1766 803; x_wconf 87' lang='lat' dir='ltr'><strong>et</strong></span> <span class='ocrx_word' id='word_1_20' title='bbox 1796 760 1948 804; x_wconf 87' lang='lat' dir='ltr'><strong>eum</strong></span> <span class='ocrx_word' id='word_1_21' title='bbox 1981 739 2161 823; x_wconf 91' lang='lat' dir='ltr'><strong>quod</strong></span> <span class='ocrx_word' id='word_1_22' title='bbox 2192 741 2462 805; x_wconf 84' lang='lat' dir='ltr'><strong>accidit.</strong></span> <span class='ocrx_word' id='word_1_23' title='bbox 2553 740 2679 805; x_wconf 92' lang='lat' dir='ltr'><strong>Ille</strong></span> 
     </span>
     <span class='ocr_line' id='line_1_5' title="bbox 478 840 2677 926; baseline 0.001 -22"><span class='ocrx_word' id='word_1_24' title='bbox 478 840 701 904; x_wconf 84' lang='lat' dir='ltr'>Rhodi</span> <span class='ocrx_word' id='word_1_25' title='bbox 732 841 1036 906; x_wconf 84' lang='lat' dir='ltr'><strong>vivebat:</strong></span> <span class='ocrx_word' id='word_1_26' title='bbox 1083 861 1220 926; x_wconf 91' lang='lat' dir='ltr'><strong>quo</strong></span> <span class='ocrx_word' id='word_1_27' title='bbox 1251 862 1403 905; x_wconf 88' lang='lat' dir='ltr'><strong>oum</strong></span> <span class='ocrx_word' id='word_1_28' title='bbox 1427 840 1711 925; x_wconf 90' lang='lat' dir='ltr'><strong>Apelles</strong></span> <span class='ocrx_word' id='word_1_29' title='bbox 1740 843 2231 924; x_wconf 84' lang='lat' dir='ltr'><strong>annavigasset,</strong></span> <span class='ocrx_word' id='word_1_30' title='bbox 2256 842 2501 907; x_wconf 88' lang='lat' dir='ltr'><strong>avidus</strong></span> <span class='ocrx_word' id='word_1_31' title='bbox 2524 862 2677 925; x_wconf 88' lang='lat' dir='ltr'><strong>cog·</strong></span> 
     </span>
     <span class='ocr_line' id='line_1_6' title="bbox 476 943 2679 1027; baseline 0.001 -23"><span class='ocrx_word' id='word_1_32' title='bbox 476 943 803 1007; x_wconf 91' lang='lat' dir='ltr'><strong>noscendi</strong></span> <span class='ocrx_word' id='word_1_33' title='bbox 853 962 1058 1026; x_wconf 84' lang='lat' dir='ltr'><strong>opera</strong></span> <span class='ocrx_word' id='word_1_34' title='bbox 1109 944 1278 1027; x_wconf 83' lang='lat' dir='ltr'><strong>ejuS,</strong></span> <span class='ocrx_word' id='word_1_35' title='bbox 1325 944 1509 1008; x_wconf 85' lang='lat' dir='ltr'><strong>fama</strong></span> <span class='ocrx_word' id='word_1_36' title='bbox 1560 950 1808 1014; x_wconf 91' lang='lat' dir='ltr'><strong>tantum</strong></span> <span class='ocrx_word' id='word_1_37' title='bbox 1859 945 1988 1008; x_wconf 90' lang='lat' dir='ltr'><strong>sibi</strong></span> <span class='ocrx_word' id='word_1_38' title='bbox 2033 945 2307 1025; x_wconf 86' lang='lat' dir='ltr'>cogniti,</span> <span class='ocrx_word' id='word_1_39' title='bbox 2356 946 2679 1008; x_wconf 88' lang='lat' dir='ltr'><strong>continuo</strong></span> 
     </span>
     <span class='ocr_line' id='line_1_7' title="bbox 477 1043 2679 1129; baseline 0 -22"><span class='ocrx_word' id='word_1_40' title='bbox 477 1043 813 1109; x_wconf 86' lang='lat' dir='ltr'><strong>officinam</strong></span> <span class='ocrx_word' id='word_1_41' title='bbox 857 1047 1102 1129; x_wconf 81' lang='lat' dir='ltr'><strong>petit.44</strong></span> <span class='ocrx_word' id='word_1_42' title='bbox 1183 1044 1445 1110; x_wconf 84' lang='lat' dir='ltr'><strong>Aberat</strong></span> <span class='ocrx_word' id='word_1_43' title='bbox 1473 1047 1644 1129; x_wconf 87' lang='lat' dir='ltr'><strong>ipse,</strong></span> <span class='ocrx_word' id='word_1_44' title='bbox 1677 1047 1797 1110; x_wconf 91' lang='lat' dir='ltr'><strong>sed</strong></span> <span class='ocrx_word' id='word_1_45' title='bbox 1829 1047 2120 1111; x_wconf 85' lang='lat' dir='ltr'><strong>tabulam</strong></span> <span class='ocrx_word' id='word_1_46' title='bbox 2153 1046 2399 1128; x_wconf 81' lang='lat' dir='ltr'><strong>amplae</strong></span> <span class='ocrx_word' id='word_1_47' title='bbox 2430 1047 2679 1127; x_wconf 86' lang='lat' dir='ltr'><strong>magni-</strong></span> 
     </span>
     <span class='ocr_line' id='line_1_8' title="bbox 428 1146 2679 1231; baseline 0 -23"><span class='ocrx_word' id='word_1_48' title='bbox 428 1164 439 1171; x_wconf 80' lang='grc'><em>’</em></span> <span class='ocrx_word' id='word_1_49' title='bbox 475 1146 718 1210; x_wconf 91' lang='lat' dir='ltr'><strong>tudinis</strong></span> <span class='ocrx_word' id='word_1_50' title='bbox 734 1153 789 1194; x_wconf 81' lang='lat'><strong>45</strong></span> <span class='ocrx_word' id='word_1_51' title='bbox 831 1147 898 1210; x_wconf 91' lang='lat' dir='ltr'><strong>in</strong></span> <span class='ocrx_word' id='word_1_52' title='bbox 944 1147 1302 1212; x_wconf 51' lang='lat' dir='ltr'><strong>machina&amp;</strong></span> <span class='ocrx_word' id='word_1_53' title='bbox 1347 1155 1643 1231; x_wconf 88' lang='lat' dir='ltr'><strong>aptatam</strong></span> <span class='ocrx_word' id='word_1_54' title='bbox 1698 1147 1978 1231; x_wconf 75' lang='lat' dir='ltr'><strong>picturae</strong></span> <span class='ocrx_word' id='word_1_55' title='bbox 2009 1166 2178 1211; x_wconf 87' lang='lat' dir='ltr'><strong>anus</strong></span> <span class='ocrx_word' id='word_1_56' title='bbox 2208 1165 2346 1209; x_wconf 84' lang='lat' dir='ltr'><strong>una</strong></span> <span class='ocrx_word' id='word_1_57' title='bbox 2376 1146 2679 1210; x_wconf 86' lang='lat' dir='ltr'><strong>custodi-</strong></span> 
     </span>
     <span class='ocr_line' id='line_1_9' title="bbox 476 1248 2678 1332; baseline 0 -21"><span class='ocrx_word' id='word_1_58' title='bbox 476 1249 655 1312; x_wconf 86' lang='lat' dir='ltr'><strong>ebat.</strong></span> <span class='ocrx_word' id='word_1_59' title='bbox 744 1249 920 1313; x_wconf 82' lang='lat' dir='ltr'><strong>Heec</strong></span> <span class='ocrx_word' id='word_1_60' title='bbox 952 1248 1395 1332; x_wconf 83' lang='lat' dir='ltr'><strong>Protogenem</strong></span> <span class='ocrx_word' id='word_1_61' title='bbox 1429 1250 1592 1315; x_wconf 87' lang='lat' dir='ltr'><strong>foris</strong></span> <span class='ocrx_word' id='word_1_62' title='bbox 1623 1270 1778 1314; x_wconf 87' lang='lat' dir='ltr'><strong>esse</strong></span> <span class='ocrx_word' id='word_1_63' title='bbox 1809 1249 2175 1332; x_wconf 88' lang='lat' dir='ltr'><strong>respondit,</strong></span> <span class='ocrx_word' id='word_1_64' title='bbox 2211 1249 2678 1329; x_wconf 85' lang='lat' dir='ltr'><strong>interrogavit-</strong></span> 
     </span>
     <span class='ocr_line' id='line_1_10' title="bbox 475 1348 2675 1434; baseline 0.002 -24"><span class='ocrx_word' id='word_1_65' title='bbox 475 1369 631 1431; x_wconf 87' lang='lat' dir='ltr'><strong>que,</strong></span> <span class='ocrx_word' id='word_1_66' title='bbox 655 1354 676 1383; x_wconf 88' lang='lat'>‘</span> <span class='ocrx_word' id='word_1_67' title='bbox 694 1370 734 1413; x_wconf 89' lang='lat' dir='ltr'><strong>a</strong></span> <span class='ocrx_word' id='word_1_68' title='bbox 758 1371 897 1433; x_wconf 89' lang='lat' dir='ltr'><strong>quo</strong></span> <span class='ocrx_word' id='word_1_69' title='bbox 925 1352 1281 1434; x_wconf 73' lang='lat' dir='ltr'><strong>quaesitum</strong></span> <span class='ocrx_word' id='word_1_70' title='bbox 1309 1351 1594 1416; x_wconf 88' lang='lat' dir='ltr'><strong>diceret.’</strong></span> <span class='ocrx_word' id='word_1_71' title='bbox 1665 1358 1686 1388; x_wconf 87' lang='lat'>‘</span> <span class='ocrx_word' id='word_1_72' title='bbox 1707 1351 1817 1416; x_wconf 87' lang='lat' dir='ltr'><strong>Ab</strong></span> <span class='ocrx_word' id='word_1_73' title='bbox 1843 1348 2086 1427; x_wconf 77' lang='lat' dir='ltr'><strong>boc,&#39;4⁶</strong></span> <span class='ocrx_word' id='word_1_74' title='bbox 2108 1352 2330 1434; x_wconf 88' lang='lat' dir='ltr'><strong>inquit</strong></span> <span class='ocrx_word' id='word_1_75' title='bbox 2355 1349 2675 1431; x_wconf 75' lang='lat' dir='ltr'><strong>Apellesz</strong></span> 
     </span>
     <span class='ocr_line' id='line_1_11' title="bbox 473 1452 2677 1535; baseline 0.001 -23"><span class='ocrx_word' id='word_1_76' title='bbox 473 1457 868 1535; x_wconf 88' lang='lat' dir='ltr'><strong>arreptoque</strong></span> <span class='ocrx_word' id='word_1_77' title='bbox 899 1452 1215 1533; x_wconf 88' lang='lat' dir='ltr'><strong>penicillo</strong></span> <span class='ocrx_word' id='word_1_78' title='bbox 1244 1453 1485 1517; x_wconf 88' lang='lat' dir='ltr'><strong>lineam</strong></span> <span class='ocrx_word' id='word_1_79' title='bbox 1521 1473 1611 1517; x_wconf 84' lang='lat' dir='ltr'><strong>ex</strong></span> <span class='ocrx_word' id='word_1_80' title='bbox 1641 1454 1906 1518; x_wconf 80' lang='lat' dir='ltr'><strong>colore⁸</strong></span> <span class='ocrx_word' id='word_1_81' title='bbox 1935 1453 2131 1516; x_wconf 88' lang='lat' dir='ltr'><strong>duxit</strong></span> <span class='ocrx_word' id='word_1_82' title='bbox 2157 1471 2434 1516; x_wconf 86' lang='lat' dir='ltr'><strong>summae</strong></span> <span class='ocrx_word' id='word_1_83' title='bbox 2462 1452 2677 1515; x_wconf 91' lang='lat' dir='ltr'><strong>tenui-</strong></span> 
     </span>
     <span class='ocr_line' id='line_1_12' title="bbox 472 1552 2678 1638; baseline 0.001 -25"><span class='ocrx_word' id='word_1_84' title='bbox 472 1552 628 1614; x_wconf 87' lang='lat' dir='ltr'><strong>tatis</strong></span> <span class='ocrx_word' id='word_1_85' title='bbox 676 1571 795 1634; x_wconf 90' lang='lat' dir='ltr'><strong>per</strong></span> <span class='ocrx_word' id='word_1_86' title='bbox 838 1554 1157 1616; x_wconf 84' lang='lat' dir='ltr'><strong>tabulam.</strong></span> <span class='ocrx_word' id='word_1_87' title='bbox 1247 1553 1557 1619; x_wconf 82' lang='lat' dir='ltr'><strong>Reverso</strong></span> <span class='ocrx_word' id='word_1_88' title='bbox 1607 1556 1991 1636; x_wconf 83' lang='lat' dir='ltr'><strong>Protogeni,</strong></span> <span class='ocrx_word' id='word_1_89' title='bbox 2031 1575 2185 1638; x_wconf 81' lang='lat' dir='ltr'><strong>quae</strong></span> <span class='ocrx_word' id='word_1_90' title='bbox 2232 1562 2419 1636; x_wconf 81' lang='lat' dir='ltr'><strong>gesta</strong></span> <span class='ocrx_word' id='word_1_91' title='bbox 2465 1559 2678 1629; x_wconf 84' lang='lat' dir='ltr'><strong>erant,</strong></span> 
     </span>
     <span class='ocr_line' id='line_1_13' title="bbox 470 1654 2677 1741; baseline 0 -24"><span class='ocrx_word' id='word_1_92' title='bbox 470 1672 642 1717; x_wconf 87' lang='lat' dir='ltr'><strong>anus</strong></span> <span class='ocrx_word' id='word_1_93' title='bbox 689 1654 1031 1720; x_wconf 90' lang='lat' dir='ltr'><strong>indicavit.</strong></span> <span class='ocrx_word' id='word_1_94' title='bbox 1134 1656 1385 1720; x_wconf 87' lang='lat' dir='ltr'><strong>Ferunt</strong></span> <span class='ocrx_word' id='word_1_95' title='bbox 1435 1658 1754 1725; x_wconf 87' lang='lat' dir='ltr'><strong>artificem</strong></span> <span class='ocrx_word' id='word_1_96' title='bbox 1800 1658 2107 1741; x_wconf 86' lang='lat' dir='ltr'><strong>protinus</strong></span> <span class='ocrx_word' id='word_1_97' title='bbox 2158 1654 2677 1737; x_wconf 84' lang='lat' dir='ltr'><strong>contemplatum</strong></span> 
     </span>
     <span class='ocr_line' id='line_1_14' title="bbox 467 1755 2676 1843; baseline 0.002 -27"><span class='ocrx_word' id='word_1_98' title='bbox 467 1755 928 1832; x_wconf 85' lang='lat' dir='ltr'><strong>subtilitatem,</strong></span> <span class='ocrx_word' id='word_1_99' title='bbox 981 1758 1240 1822; x_wconf 82' lang='lat' dir='ltr'><strong>dixisse</strong></span> <span class='ocrx_word' id='word_1_100' title='bbox 1286 1763 1307 1793; x_wconf 88' lang='lat'>‘</span> <span class='ocrx_word' id='word_1_101' title='bbox 1342 1758 1650 1843; x_wconf 86' lang='lat' dir='ltr'><strong>Apellem</strong></span> <span class='ocrx_word' id='word_1_102' title='bbox 1693 1763 1991 1826; x_wconf 81' lang='lat' dir='ltr'><strong>venisse:</strong></span> <span class='ocrx_word' id='word_1_103' title='bbox 2037 1778 2169 1823; x_wconf 90' lang='lat' dir='ltr'><strong>non</strong></span> <span class='ocrx_word' id='word_1_104' title='bbox 2212 1760 2386 1823; x_wconf 92' lang='lat' dir='ltr'><strong>enim</strong></span> <span class='ocrx_word' id='word_1_105' title='bbox 2434 1756 2676 1821; x_wconf 87' lang='lat' dir='ltr'><strong>cadere</strong></span> 
     </span>
     <span class='ocr_line' id='line_1_15' title="bbox 469 1856 2676 1946; baseline 0.002 -29"><span class='ocrx_word' id='word_1_106' title='bbox 469 1856 538 1917; x_wconf 91' lang='lat' dir='ltr'><strong>in</strong></span> <span class='ocrx_word' id='word_1_107' title='bbox 584 1856 787 1920; x_wconf 89' lang='lat' dir='ltr'><strong>alium</strong></span> <span class='ocrx_word' id='word_1_108' title='bbox 843 1867 978 1922; x_wconf 86' lang='lat' dir='ltr'><strong>tam</strong></span> <span class='ocrx_word' id='word_1_109' title='bbox 1031 1860 1414 1925; x_wconf 87' lang='lat' dir='ltr'><strong>absolutum</strong></span> <span class='ocrx_word' id='word_1_110' title='bbox 1467 1862 1682 1946; x_wconf 68' lang='lat' dir='ltr'><strong>opus!</strong></span> <span class='ocrx_word' id='word_1_111' title='bbox 1770 1863 2137 1946; x_wconf 86' lang='lat' dir='ltr'><strong>Ipsumque</strong></span> <span class='ocrx_word' id='word_1_112' title='bbox 2190 1861 2398 1926; x_wconf 83' lang='lat' dir='ltr'><strong>alio4⁷</strong></span> <span class='ocrx_word' id='word_1_113' title='bbox 2451 1859 2676 1924; x_wconf 86' lang='lat' dir='ltr'><strong>colore</strong></span> 
     </span>
     <span class='ocr_line' id='line_1_16' title="bbox 467 1958 2675 2048; baseline 0.003 -29"><span class='ocrx_word' id='word_1_114' title='bbox 467 1958 837 2022; x_wconf 88' lang='lat' dir='ltr'><strong>tenuiorem</strong></span> <span class='ocrx_word' id='word_1_115' title='bbox 882 1959 1119 2025; x_wconf 85' lang='lat' dir='ltr'><strong>lineam</strong></span> <span class='ocrx_word' id='word_1_116' title='bbox 1164 1962 1233 2026; x_wconf 92' lang='lat' dir='ltr'><strong>in</strong></span> <span class='ocrx_word' id='word_1_117' title='bbox 1280 1964 1398 2028; x_wconf 88' lang='lat' dir='ltr'><strong>illa</strong></span> <span class='ocrx_word' id='word_1_118' title='bbox 1442 1966 1598 2047; x_wconf 85' lang='lat' dir='ltr'><strong>ipsa</strong></span> <span class='ocrx_word' id='word_1_119' title='bbox 1634 1965 1935 2043; x_wconf 82' lang='lat' dir='ltr'><strong>duxisse,</strong></span> <span class='ocrx_word' id='word_1_120' title='bbox 1967 1963 2523 2048; x_wconf 83' lang='lat' dir='ltr'><strong>praecepisseqne</strong></span> <span class='ocrx_word' id='word_1_121' title='bbox 2558 1963 2675 2027; x_wconf 88' lang='lat' dir='ltr'><strong>ab-</strong></span> 
     </span>
    </p>
   </div>
   <div class='ocr_carea' id='block_1_3' title="bbox 1217 378 1944 439">
    <p class='ocr_par' dir='ltr' id='par_1_4' title="bbox 1217 378 1944 439">
     <span class='ocr_line' id='line_1_17' title="bbox 1217 378 1944 439; baseline 0 -3"><span class='ocrx_word' id='word_1_122' title='bbox 1217 390 1278 437; x_wconf 86' lang='lat' dir='ltr'><strong>c.</strong></span> <span class='ocrx_word' id='word_1_123' title='bbox 1329 378 1571 438; x_wconf 70' lang='lat' dir='ltr'><strong>anu</strong></span> <span class='ocrx_word' id='word_1_124' title='bbox 1621 390 1944 439; x_wconf 68' lang='lat' dir='ltr'><strong>securior</strong></span> 
     </span>
    </p>
   </div>
   <div class='ocr_carea' id='block_1_4' title="bbox 1385 2129 1749 2150">
    <p class='ocr_par' dir='ltr' id='par_1_5' title="bbox 1385 2129 1749 2150">
     <span class='ocr_line' id='line_1_18' title="bbox 1385 2129 1749 2150; baseline -0.003 0"><span class='ocrx_word' id='word_1_125' title='bbox 1385 2129 1749 2150; x_wconf 65' lang='lat' dir='ltr'><strong>OOOOOOOOOOOO</strong></span> 
     </span>
    </p>
   </div>
   <div class='ocr_carea' id='block_1_5' title="bbox 460 2239 2675 2956">
    <p class='ocr_par' dir='ltr' id='par_1_6' title="bbox 460 2239 2675 2956">
     <span class='ocr_line' id='line_1_19' title="bbox 464 2239 2674 2307; baseline 0 -17"><span class='ocrx_word' id='word_1_126' title='bbox 464 2245 529 2290; x_wconf 73' lang='lat'><strong>48</strong></span> <span class='ocrx_word' id='word_1_127' title='bbox 565 2239 657 2288; x_wconf 83' lang='lat' dir='ltr'><strong>‘In</strong></span> <span class='ocrx_word' id='word_1_128' title='bbox 676 2240 806 2292; x_wconf 84' lang='lat' dir='ltr'><strong>Mss.</strong></span> <span class='ocrx_word' id='word_1_129' title='bbox 830 2241 961 2304; x_wconf 74' lang='lat' dir='ltr'><strong>Reg.</strong></span> <span class='ocrx_word' id='word_1_130' title='bbox 999 2243 1270 2307; x_wconf 72' lang='lat' dir='ltr'><strong>Miomphio</strong></span> <span class='ocrx_word' id='word_1_131' title='bbox 1303 2245 1362 2294; x_wconf 83' lang='lat' dir='ltr'><strong>de</strong></span> <span class='ocrx_word' id='word_1_132' title='bbox 1394 2244 1705 2307; x_wconf 77' lang='lat' dir='ltr'><strong>dispositione</strong></span> <span class='ocrx_word' id='word_1_133' title='bbox 1724 2245 1934 2294; x_wconf 78' lang='lat' dir='ltr'><strong>cedebat.</strong></span> <span class='ocrx_word' id='word_1_134' title='bbox 1996 2245 2121 2294; x_wconf 89' lang='lat' dir='ltr'><strong>Sine</strong></span> <span class='ocrx_word' id='word_1_135' title='bbox 2154 2242 2470 2292; x_wconf 83' lang='lat' dir='ltr'><strong>anctoritate</strong></span> <span class='ocrx_word' id='word_1_136' title='bbox 2496 2255 2674 2290; x_wconf 87' lang='lat' dir='ltr'><strong>emen-</strong></span> 
     </span>
     <span class='ocr_line' id='line_1_20' title="bbox 466 2306 2673 2372; baseline 0.001 -19"><span class='ocrx_word' id='word_1_137' title='bbox 466 2306 646 2354; x_wconf 79' lang='lat' dir='ltr'><strong>datum</strong></span> <span class='ocrx_word' id='word_1_138' title='bbox 671 2306 721 2353; x_wconf 90' lang='lat' dir='ltr'><strong>in</strong></span> <span class='ocrx_word' id='word_1_139' title='bbox 746 2308 1123 2357; x_wconf 86' lang='lat' dir='ltr'><strong>recentioribus</strong></span> <span class='ocrx_word' id='word_1_140' title='bbox 1149 2310 1489 2367; x_wconf 80' lang='lat' dir='ltr'><strong>editionibus,</strong></span> <span class='ocrx_word' id='word_1_141' title='bbox 1523 2310 1715 2359; x_wconf 76' lang='lat' dir='ltr'><strong>cedebat</strong></span> <span class='ocrx_word' id='word_1_142' title='bbox 1735 2308 2013 2372; x_wconf 74' lang='lat' dir='ltr'><strong>Amphioni.</strong></span> <span class='ocrx_word' id='word_1_143' title='bbox 2083 2306 2343 2370; x_wconf 83' lang='lat' dir='ltr'><strong>Amphion</strong></span> <span class='ocrx_word' id='word_1_144' title='bbox 2385 2307 2473 2355; x_wconf 89' lang='lat' dir='ltr'><strong>ille</strong></span> <span class='ocrx_word' id='word_1_145' title='bbox 2502 2307 2673 2356; x_wconf 82' lang='lat' dir='ltr'><strong>Plinio</strong></span> 
     </span>
     <span class='ocr_line' id='line_1_21' title="bbox 466 2370 2673 2435; baseline 0 -16"><span class='ocrx_word' id='word_1_146' title='bbox 466 2370 758 2434; x_wconf 83' lang='lat' dir='ltr'><strong>ceterisque</strong></span> <span class='ocrx_word' id='word_1_147' title='bbox 794 2372 1135 2435; x_wconf 77' lang='lat' dir='ltr'><strong>scriptoribus</strong></span> <span class='ocrx_word' id='word_1_148' title='bbox 1175 2374 1398 2435; x_wconf 82' lang='lat' dir='ltr'><strong>ignotus.</strong></span> <span class='ocrx_word' id='word_1_149' title='bbox 1466 2375 1543 2424; x_wconf 94' lang='lat' dir='ltr'><strong>Ut</strong></span> <span class='ocrx_word' id='word_1_150' title='bbox 1566 2374 1897 2423; x_wconf 77' lang='lat' dir='ltr'><strong>emendarem</strong></span> <span class='ocrx_word' id='word_1_151' title='bbox 1927 2373 2192 2423; x_wconf 68' lang='lat' dir='ltr'><strong>Melanthio</strong></span> <span class='ocrx_word' id='word_1_152' title='bbox 2216 2385 2425 2421; x_wconf 79' lang='lat' dir='ltr'><strong>suasere</strong></span> <span class='ocrx_word' id='word_1_153' title='bbox 2447 2372 2673 2434; x_wconf 77' lang='lat' dir='ltr'><strong>vestigia</strong></span> 
     </span>
     <span class='ocr_line' id='line_1_22' title="bbox 465 2435 2673 2499; baseline 0.001 -16"><span class='ocrx_word' id='word_1_154' title='bbox 465 2435 594 2483; x_wconf 86' lang='lat' dir='ltr'><strong>Mss.</strong></span> <span class='ocrx_word' id='word_1_155' title='bbox 622 2435 879 2499; x_wconf 86' lang='lat' dir='ltr'><strong>codicum,</strong></span> <span class='ocrx_word' id='word_1_156' title='bbox 904 2443 959 2486; x_wconf 92' lang='lat' dir='ltr'><strong>et</strong></span> <span class='ocrx_word' id='word_1_157' title='bbox 984 2438 1336 2489; x_wconf 76' lang='lat' dir='ltr'><strong>Quintilianus</strong></span> <span class='ocrx_word' id='word_1_158' title='bbox 1360 2439 1535 2488; x_wconf 78' lang='lat' dir='ltr'><strong>Instit.</strong></span> <span class='ocrx_word' id='word_1_159' title='bbox 1568 2439 1719 2489; x_wconf 88' lang='lat' dir='ltr'><strong>Orat.</strong></span> <span class='ocrx_word' id='word_1_160' title='bbox 1744 2452 1846 2487; x_wconf 84' lang='lat' dir='ltr'><strong>xn.</strong></span> <span class='ocrx_word' id='word_1_161' title='bbox 1867 2443 1945 2488; x_wconf 82' lang='lat'><strong>10.</strong></span> <span class='ocrx_word' id='word_1_162' title='bbox 1982 2444 1997 2467; x_wconf 82' lang='lat'>‘</span> <span class='ocrx_word' id='word_1_163' title='bbox 2015 2439 2158 2487; x_wconf 81' lang='lat' dir='ltr'><strong>Cura</strong></span> <span class='ocrx_word' id='word_1_164' title='bbox 2181 2438 2527 2497; x_wconf 84' lang='lat' dir='ltr'><strong>Protogenes,</strong></span> <span class='ocrx_word' id='word_1_165' title='bbox 2552 2437 2673 2485; x_wconf 87' lang='lat' dir='ltr'><strong>rati·</strong></span> 
     </span>
     <span class='ocr_line' id='line_1_23' title="bbox 463 2499 2675 2577; baseline 0.001 -30"><span class='ocrx_word' id='word_1_166' title='bbox 463 2513 564 2548; x_wconf 89' lang='lat' dir='ltr'><strong>one</strong></span> <span class='ocrx_word' id='word_1_167' title='bbox 609 2499 912 2564; x_wconf 76' lang='lat' dir='ltr'><strong>Pamphilus</strong></span> <span class='ocrx_word' id='word_1_168' title='bbox 947 2509 1003 2551; x_wconf 87' lang='lat' dir='ltr'><strong>et</strong></span> <span class='ocrx_word' id='word_1_169' title='bbox 1037 2503 1378 2560; x_wconf 73' lang='lat' dir='ltr'><strong>Melanthius,</strong></span> <span class='ocrx_word' id='word_1_170' title='bbox 1412 2503 1675 2554; x_wconf 81' lang='lat' dir='ltr'><strong>facilitate</strong></span> <span class='ocrx_word' id='word_1_171' title='bbox 1714 2502 2011 2566; x_wconf 82' lang='lat' dir='ltr'><strong>Antiphilus</strong></span> <span class='ocrx_word' id='word_1_172' title='bbox 2036 2535 2051 2551; x_wconf 88' lang='lat'><strong>.</strong></span> <span class='ocrx_word' id='word_1_173' title='bbox 2076 2537 2090 2551; x_wconf 92' lang='lat'><strong>.</strong></span> <span class='ocrx_word' id='word_1_174' title='bbox 2116 2537 2130 2551; x_wconf 92' lang='lat'><strong>.</strong></span> <span class='ocrx_word' id='word_1_175' title='bbox 2154 2504 2361 2564; x_wconf 74' lang='lat' dir='ltr'><strong>ingenio</strong></span> <span class='ocrx_word' id='word_1_176' title='bbox 2396 2509 2453 2548; x_wconf 85' lang='lat' dir='ltr'><strong>et</strong></span> <span class='ocrx_word' id='word_1_177' title='bbox 2486 2503 2675 2577; x_wconf 75' lang='lat' dir='ltr'><strong>gratia,</strong></span> 
     </span>
     <span class='ocr_line' id='line_1_24' title="bbox 465 2566 2671 2649; baseline 0.001 -38"><span class='ocrx_word' id='word_1_178' title='bbox 465 2579 616 2649; x_wconf 67' lang='lat' dir='ltr'><strong>quarn</strong></span> <span class='ocrx_word' id='word_1_179' title='bbox 643 2566 695 2613; x_wconf 89' lang='lat' dir='ltr'><strong>in</strong></span> <span class='ocrx_word' id='word_1_180' title='bbox 718 2581 774 2614; x_wconf 88' lang='lat' dir='ltr'><strong>se</strong></span> <span class='ocrx_word' id='word_1_181' title='bbox 808 2568 920 2629; x_wconf 85' lang='lat' dir='ltr'><strong>ipse</strong></span> <span class='ocrx_word' id='word_1_182' title='bbox 952 2568 1175 2617; x_wconf 80' lang='lat' dir='ltr'><strong>maxime</strong></span> <span class='ocrx_word' id='word_1_183' title='bbox 1207 2570 1397 2632; x_wconf 82' lang='lat' dir='ltr'><strong>jactat,</strong></span> <span class='ocrx_word' id='word_1_184' title='bbox 1433 2568 1653 2630; x_wconf 84' lang='lat' dir='ltr'><strong>Apelles</strong></span> <span class='ocrx_word' id='word_1_185' title='bbox 1689 2578 1771 2619; x_wconf 81' lang='lat' dir='ltr'><strong>est</strong></span> <span class='ocrx_word' id='word_1_186' title='bbox 1807 2566 2303 2631; x_wconf 77' lang='lat' dir='ltr'><strong>praestantissinrus.&#39;</strong></span> <span class='ocrx_word' id='word_1_187' title='bbox 2369 2567 2671 2629; x_wconf 78' lang='lat' dir='ltr'><strong>Dispositio.</strong></span> 
     </span>
     <span class='ocr_line' id='line_1_25' title="bbox 462 2630 2672 2699; baseline 0 -22"><span class='ocrx_word' id='word_1_188' title='bbox 462 2630 849 2681; x_wconf 61' lang='lat' dir='ltr'><strong>iomannes-,⁹</strong></span> <span class='ocrx_word' id='word_1_189' title='bbox 900 2633 1126 2682; x_wconf 80' lang='lat' dir='ltr'><strong>Brotier.</strong></span> <span class='ocrx_word' id='word_1_190' title='bbox 1209 2635 1341 2682; x_wconf 82' lang='lat' dir='ltr'><strong>Nam</strong></span> <span class='ocrx_word' id='word_1_191' title='bbox 1379 2634 1569 2683; x_wconf 76' lang='lat' dir='ltr'><strong>cedebat</strong></span> <span class='ocrx_word' id='word_1_192' title='bbox 1599 2633 1861 2696; x_wconf 74' lang='lat' dir='ltr'><strong>Amphioni</strong></span> <span class='ocrx_word' id='word_1_193' title='bbox 1893 2636 1952 2683; x_wconf 82' lang='lat' dir='ltr'><strong>de</strong></span> <span class='ocrx_word' id='word_1_194' title='bbox 1988 2633 2294 2696; x_wconf 76' lang='lat' dir='ltr'><strong>dispositione</strong></span> <span class='ocrx_word' id='word_1_195' title='bbox 2329 2631 2565 2699; x_wconf 80' lang='lat' dir='ltr'><strong>Gronov.</strong></span> <span class='ocrx_word' id='word_1_196' title='bbox 2604 2631 2672 2678; x_wconf 85' lang='lat' dir='ltr'><strong>al.</strong></span> 
     </span>
     <span class='ocr_line' id='line_1_26' title="bbox 466 2693 2668 2762; baseline 0.001 -22"><span class='ocrx_word' id='word_1_197' title='bbox 466 2701 596 2742; x_wconf 87' lang='lat' dir='ltr'><strong>vett.</strong></span> <span class='ocrx_word' id='word_1_198' title='bbox 620 2693 876 2743; x_wconf 85' lang='lat' dir='ltr'><strong>Harduiu.</strong></span> <span class='ocrx_word' id='word_1_199' title='bbox 902 2700 948 2744; x_wconf 83' lang='lat'><strong>1.</strong></span> <span class='ocrx_word' id='word_1_200' title='bbox 981 2700 1028 2747; x_wconf 83' lang='grc'><strong>2.</strong></span> <span class='ocrx_word' id='word_1_201' title='bbox 1055 2701 1101 2745; x_wconf 80' lang='grc'><strong>3.</strong></span> <span class='ocrx_word' id='word_1_202' title='bbox 1125 2703 1178 2745; x_wconf 92' lang='lat' dir='ltr'><strong>et</strong></span> <span class='ocrx_word' id='word_1_203' title='bbox 1205 2702 1559 2747; x_wconf 66' lang='lat' dir='ltr'><strong>taceam—44</strong></span> <span class='ocrx_word' id='word_1_204' title='bbox 1592 2705 1606 2728; x_wconf 82' lang='lat'>⁸</span> <span class='ocrx_word' id='word_1_205' title='bbox 1627 2699 1711 2747; x_wconf 86' lang='lat' dir='ltr'><strong>lta</strong></span> <span class='ocrx_word' id='word_1_206' title='bbox 1733 2697 1887 2748; x_wconf 83' lang='lat' dir='ltr'><strong>codd.</strong></span> <span class='ocrx_word' id='word_1_207' title='bbox 1913 2698 2081 2762; x_wconf 83' lang='lat' dir='ltr'><strong>Regg.</strong></span> <span class='ocrx_word' id='word_1_208' title='bbox 2103 2705 2159 2745; x_wconf 88' lang='lat' dir='ltr'><strong>et</strong></span> <span class='ocrx_word' id='word_1_209' title='bbox 2182 2696 2356 2753; x_wconf 81' lang='lat' dir='ltr'><strong>Editio</strong></span> <span class='ocrx_word' id='word_1_210' title='bbox 2382 2693 2668 2759; x_wconf 62' lang='lat' dir='ltr'><strong>princeps!</strong></span> 
     </span>
     <span class='ocr_line' id='line_1_27' title="bbox 464 2757 2669 2828; baseline 0.001 -23"><span class='ocrx_word' id='word_1_211' title='bbox 464 2757 683 2807; x_wconf 83' lang='lat' dir='ltr'><strong>Brotier.</strong></span> <span class='ocrx_word' id='word_1_212' title='bbox 752 2758 835 2807; x_wconf 83' lang='lat' dir='ltr'><strong>Ita</strong></span> <span class='ocrx_word' id='word_1_213' title='bbox 861 2775 1064 2824; x_wconf 83' lang='lat' dir='ltr'><strong>quoque</strong></span> <span class='ocrx_word' id='word_1_214' title='bbox 1087 2762 1204 2810; x_wconf 85' lang='lat' dir='ltr'><strong>cod.</strong></span> <span class='ocrx_word' id='word_1_215' title='bbox 1228 2763 1414 2811; x_wconf 84' lang='lat' dir='ltr'><strong>Dalec.</strong></span> <span class='ocrx_word' id='word_1_216' title='bbox 1476 2763 1710 2828; x_wconf 65' lang='lat' dir='ltr'><strong>officinam</strong></span> <span class='ocrx_word' id='word_1_217' title='bbox 1728 2762 1869 2826; x_wconf 78' lang='lat' dir='ltr'><strong>petiit</strong></span> <span class='ocrx_word' id='word_1_218' title='bbox 1892 2763 2123 2812; x_wconf 83' lang='lat' dir='ltr'><strong>Gronov.</strong></span> <span class='ocrx_word' id='word_1_219' title='bbox 2148 2763 2214 2809; x_wconf 91' lang='lat' dir='ltr'><strong>al.</strong></span> <span class='ocrx_word' id='word_1_220' title='bbox 2248 2767 2376 2809; x_wconf 85' lang='lat' dir='ltr'><strong>vett.</strong></span> <span class='ocrx_word' id='word_1_221' title='bbox 2409 2760 2669 2809; x_wconf 81' lang='lat' dir='ltr'><strong>Harduin.</strong></span> 
     </span>
     <span class='ocr_line' id='line_1_28' title="bbox 460 2824 2670 2887; baseline 0.001 -18"><span class='ocrx_word' id='word_1_222' title='bbox 460 2825 508 2869; x_wconf 90' lang='lat'><strong>1.</strong></span> <span class='ocrx_word' id='word_1_223' title='bbox 530 2825 579 2870; x_wconf 83' lang='lat'><strong>2.</strong></span> <span class='ocrx_word' id='word_1_224' title='bbox 604 2825 652 2869; x_wconf 80' lang='grc'><strong>3.</strong></span> <span class='ocrx_word' id='word_1_225' title='bbox 677 2830 731 2871; x_wconf 88' lang='lat' dir='ltr'><strong>et</strong></span> <span class='ocrx_word' id='word_1_226' title='bbox 756 2828 1110 2874; x_wconf 52' lang='grc' dir='ltr'><strong>παθητὴ-46</strong></span> <span class='ocrx_word' id='word_1_227' title='bbox 1147 2826 1232 2875; x_wconf 87' lang='lat' dir='ltr'><strong>Ita</strong></span> <span class='ocrx_word' id='word_1_228' title='bbox 1254 2840 1318 2875; x_wconf 83' lang='lat' dir='ltr'><strong>ex</strong></span> <span class='ocrx_word' id='word_1_229' title='bbox 1337 2826 1493 2877; x_wconf 83' lang='lat' dir='ltr'><strong>codd.</strong></span> <span class='ocrx_word' id='word_1_230' title='bbox 1513 2828 1826 2877; x_wconf 83' lang='lat' dir='ltr'><strong>‘Harduinus</strong></span> <span class='ocrx_word' id='word_1_231' title='bbox 1846 2835 1897 2877; x_wconf 90' lang='lat' dir='ltr'><strong>et</strong></span> <span class='ocrx_word' id='word_1_232' title='bbox 1922 2833 2147 2876; x_wconf 87' lang='lat' dir='ltr'><strong>recentt.</strong></span> <span class='ocrx_word' id='word_1_233' title='bbox 2188 2840 2379 2887; x_wconf 76' lang='lat' dir='ltr'><strong>mognoe</strong></span> <span class='ocrx_word' id='word_1_234' title='bbox 2398 2824 2670 2886; x_wconf 67' lang='lat' dir='ltr'><strong>amplitudi-</strong></span> 
     </span>
     <span class='ocr_line' id='line_1_29' title="bbox 460 2886 2665 2956; baseline 0.002 -22"><span class='ocrx_word' id='word_1_235' title='bbox 460 2886 540 2934; x_wconf 77' lang='lat' dir='ltr'><strong>nis</strong></span> <span class='ocrx_word' id='word_1_236' title='bbox 562 2886 791 2938; x_wconf 84' lang='lat' dir='ltr'><strong>Gronov.</strong></span> <span class='ocrx_word' id='word_1_237' title='bbox 815 2895 871 2938; x_wconf 84' lang='lat' dir='ltr'><strong>et</strong></span> <span class='ocrx_word' id='word_1_238' title='bbox 901 2890 969 2938; x_wconf 90' lang='lat' dir='ltr'><strong>al.</strong></span> <span class='ocrx_word' id='word_1_239' title='bbox 990 2894 1258 2941; x_wconf 64' lang='lat' dir='ltr'><strong>vem—46</strong></span> <span class='ocrx_word' id='word_1_240' title='bbox 1290 2891 1422 2943; x_wconf 89' lang='lat' dir='ltr'><strong>Cod.</strong></span> <span class='ocrx_word' id='word_1_241' title='bbox 1445 2893 1632 2942; x_wconf 85' lang='lat' dir='ltr'><strong>Dalec.</strong></span> <span class='ocrx_word' id='word_1_242' title='bbox 1666 2895 1730 2942; x_wconf 82' lang='lat' dir='ltr'><strong>ad</strong></span> <span class='ocrx_word' id='word_1_243' title='bbox 1760 2894 1873 2956; x_wconf 78' lang='lat' dir='ltr'><strong>qaid</strong></span> <span class='ocrx_word' id='word_1_244' title='bbox 1893 2907 2000 2942; x_wconf 72' lang='lat' dir='ltr'><strong>eum</strong></span> <span class='ocrx_word' id='word_1_245' title='bbox 2019 2896 2278 2956; x_wconf 72' lang='lat' dir='ltr'><strong>quareret:</strong></span> <span class='ocrx_word' id='word_1_246' title='bbox 2320 2890 2397 2938; x_wconf 87' lang='lat' dir='ltr'><strong>Ob</strong></span> <span class='ocrx_word' id='word_1_247' title='bbox 2434 2890 2665 2939; x_wconf 62' lang='lat' dir='ltr'><strong>hom—47</strong></span> 
     </span>
    </p>
   </div>
   <div class='ocr_carea' id='block_1_6' title="bbox 460 3040 2666 3204">
    <p class='ocr_par' dir='ltr' id='par_1_7' title="bbox 460 3040 2666 3204">
     <span class='ocr_line' id='line_1_30' title="bbox 1455 3040 1671 3091; baseline 0 -1"><span class='ocrx_word' id='word_1_248' title='bbox 1455 3040 1671 3091; x_wconf 81' lang='lat' dir='ltr'>NOTAE</span> 
     </span>
     <span class='ocr_line' id='line_1_31' title="bbox 460 3134 2666 3204; baseline -0 -20"><span class='ocrx_word' id='word_1_249' title='bbox 460 3134 648 3200; x_wconf 88' lang='lat' dir='ltr'><strong>quibus</strong></span> <span class='ocrx_word' id='word_1_250' title='bbox 688 3134 866 3185; x_wconf 89' lang='lat' dir='ltr'><strong>tabula</strong></span> <span class='ocrx_word' id='word_1_251' title='bbox 900 3143 1124 3198; x_wconf 83' lang='lat' dir='ltr'><strong>constat,</strong></span> <span class='ocrx_word' id='word_1_252' title='bbox 1163 3137 1239 3188; x_wconf 86' lang='lat' dir='ltr'><strong>sie</strong></span> <span class='ocrx_word' id='word_1_253' title='bbox 1276 3144 1431 3202; x_wconf 87' lang='lat' dir='ltr'><strong>aptus</strong></span> <span class='ocrx_word' id='word_1_254' title='bbox 1465 3143 1523 3188; x_wconf 87' lang='lat' dir='ltr'><strong>et</strong></span> <span class='ocrx_word' id='word_1_255' title='bbox 1604 3138 1804 3189; x_wconf 89' lang='lat' dir='ltr'><strong>tudine.</strong></span> <span class='ocrx_word' id='word_1_256' title='bbox 1871 3140 1968 3188; x_wconf 84' lang='lat' dir='ltr'><strong>Est</strong></span> <span class='ocrx_word' id='word_1_257' title='bbox 2004 3136 2234 3204; x_wconf 84' lang='lat' dir='ltr'><strong>penicilli</strong></span> <span class='ocrx_word' id='word_1_258' title='bbox 2268 3134 2478 3197; x_wconf 84' lang='lat' dir='ltr'><strong>ductus,</strong></span> <span class='ocrx_word' id='word_1_259' title='bbox 2517 3148 2666 3199; x_wconf 83' lang='lat' dir='ltr'><strong>quem</strong></span> 
     </span>
    </p>
   </div>
   <div class='ocr_carea' id='block_1_7' title="bbox 2960 1501 2975 2209">
    <p class='ocr_par' dir='ltr' id='par_1_8' title="bbox 2960 1501 2975 2209">
     <span class='ocr_line' id='line_1_32' title="bbox 2960 1501 2975 2209; baseline 0 0"><span class='ocrx_word' id='word_1_260' title='bbox 2960 1501 2975 2209; x_wconf 95' lang='lat' dir='ltr'><strong> </strong></span> 
     </span>
    </p>
   </div>
   <div class='ocr_carea' id='block_1_8' title="bbox 452 3210 1520 4349">
    <p class='ocr_par' dir='ltr' id='par_1_9' title="bbox 456 3210 1520 3413">
     <span class='ocr_line' id='line_1_33' title="bbox 456 3210 1517 3277; baseline 0.003 -18"><span class='ocrx_word' id='word_1_261' title='bbox 456 3210 746 3273; x_wconf 87' lang='lat' dir='ltr'><strong>institutus,</strong></span> <span class='ocrx_word' id='word_1_262' title='bbox 780 3219 839 3260; x_wconf 88' lang='lat' dir='ltr'><strong>ut</strong></span> <span class='ocrx_word' id='word_1_263' title='bbox 867 3226 961 3261; x_wconf 92' lang='lat' dir='ltr'><strong>suo</strong></span> <span class='ocrx_word' id='word_1_264' title='bbox 989 3214 1216 3277; x_wconf 83' lang='lat' dir='ltr'><strong>quidque</strong></span> <span class='ocrx_word' id='word_1_265' title='bbox 1239 3214 1375 3270; x_wconf 87' lang='lat' dir='ltr'><strong>loco,</strong></span> <span class='ocrx_word' id='word_1_266' title='bbox 1415 3227 1517 3262; x_wconf 90' lang='lat' dir='ltr'><strong>non</strong></span> 
     </span>
     <span class='ocr_line' id='line_1_34' title="bbox 459 3289 1520 3350; baseline 0.005 -15"><span class='ocrx_word' id='word_1_267' title='bbox 459 3289 650 3350; x_wconf 87' lang='lat' dir='ltr'><strong>alieno,</strong></span> <span class='ocrx_word' id='word_1_268' title='bbox 674 3289 969 3338; x_wconf 86' lang='lat' dir='ltr'><strong>collocetur.</strong></span> <span class='ocrx_word' id='word_1_269' title='bbox 1023 3289 1382 3341; x_wconf 76' lang='lat' dir='ltr'><strong>L&#39;ordoanance</strong></span> <span class='ocrx_word' id='word_1_270' title='bbox 1401 3290 1520 3340; x_wconf 77' lang='lat' dir='ltr'><strong>d&#39;un</strong></span> 
     </span>
     <span class='ocr_line' id='line_1_35' title="bbox 457 3363 661 3413; baseline 0.01 -2"><span class='ocrx_word' id='word_1_271' title='bbox 457 3363 661 3413; x_wconf 75' lang='lat' dir='ltr'><strong>tableou.</strong></span> 
     </span>
    </p>

    <p class='ocr_par' dir='ltr' id='par_1_10' title="bbox 453 3440 1520 4040">
     <span class='ocr_line' id='line_1_36' title="bbox 521 3440 1516 3509; baseline 0.007 -22"><span class='ocrx_word' id='word_1_272' title='bbox 521 3445 548 3470; x_wconf 80' lang='lat'><em>¹</em></span> <span class='ocrx_word' id='word_1_273' title='bbox 581 3440 661 3489; x_wconf 85' lang='lat' dir='ltr'><strong>De</strong></span> <span class='ocrx_word' id='word_1_274' title='bbox 697 3440 951 3504; x_wconf 82' lang='lat' dir='ltr'><strong>mensuris]</strong></span> <span class='ocrx_word' id='word_1_275' title='bbox 994 3441 1261 3509; x_wconf 81' lang='lat' dir='ltr'><strong>Mensura,</strong></span> <span class='ocrx_word' id='word_1_276' title='bbox 1299 3459 1516 3509; x_wconf 89' lang='lat' dir='ltr'><strong>propor-</strong></span> 
     </span>
     <span class='ocr_line' id='line_1_37' title="bbox 457 3517 1518 3586; baseline 0.006 -19"><span class='ocrx_word' id='word_1_277' title='bbox 457 3517 531 3567; x_wconf 86' lang='lat' dir='ltr'><strong>tio</strong></span> <span class='ocrx_word' id='word_1_278' title='bbox 578 3526 676 3581; x_wconf 88' lang='lat' dir='ltr'><strong>est,</strong></span> <span class='ocrx_word' id='word_1_279' title='bbox 731 3520 1201 3586; x_wconf 83' lang='lat' dir='ltr'><strong>convenientiaque</strong></span> <span class='ocrx_word' id='word_1_280' title='bbox 1253 3524 1476 3585; x_wconf 87' lang='lat' dir='ltr'><strong>partium</strong></span> <span class='ocrx_word' id='word_1_281' title='bbox 1499 3540 1518 3575; x_wconf 72' lang='lat' dir='ltr'><em>z</em></span> 
     </span>
     <span class='ocr_line' id='line_1_38' title="bbox 455 3594 1520 3662; baseline 0.006 -20"><span class='ocrx_word' id='word_1_282' title='bbox 455 3607 557 3642; x_wconf 86' lang='lat' dir='ltr'><strong>non</strong></span> <span class='ocrx_word' id='word_1_283' title='bbox 582 3595 632 3643; x_wconf 90' lang='lat' dir='ltr'><strong>in</strong></span> <span class='ocrx_word' id='word_1_284' title='bbox 655 3594 897 3644; x_wconf 88' lang='lat' dir='ltr'><strong>membris</strong></span> <span class='ocrx_word' id='word_1_285' title='bbox 920 3596 1128 3659; x_wconf 87' lang='lat' dir='ltr'><strong>quidem</strong></span> <span class='ocrx_word' id='word_1_286' title='bbox 1157 3599 1384 3662; x_wconf 87' lang='lat' dir='ltr'><strong>corporis</strong></span> <span class='ocrx_word' id='word_1_287' title='bbox 1411 3601 1520 3648; x_wconf 89' lang='lat' dir='ltr'><strong>uni-</strong></span> 
     </span>
     <span class='ocr_line' id='line_1_39' title="bbox 455 3672 1520 3738; baseline 0.006 -19"><span class='ocrx_word' id='word_1_288' title='bbox 455 3685 534 3735; x_wconf 85' lang='lat' dir='ltr'><strong>us,</strong></span> <span class='ocrx_word' id='word_1_289' title='bbox 559 3672 649 3721; x_wconf 85' lang='lat' dir='ltr'><strong>sed</strong></span> <span class='ocrx_word' id='word_1_290' title='bbox 690 3672 743 3720; x_wconf 91' lang='lat' dir='ltr'><strong>in</strong></span> <span class='ocrx_word' id='word_1_291' title='bbox 777 3677 887 3720; x_wconf 91' lang='lat' dir='ltr'><strong>toto</strong></span> <span class='ocrx_word' id='word_1_292' title='bbox 909 3687 1066 3736; x_wconf 86' lang='lat' dir='ltr'><strong>opere</strong></span> <span class='ocrx_word' id='word_1_293' title='bbox 1090 3688 1150 3722; x_wconf 87' lang='lat' dir='ltr'><strong>ac</strong></span> <span class='ocrx_word' id='word_1_294' title='bbox 1182 3674 1416 3738; x_wconf 82' lang='lat' dir='ltr'><strong>partibus</strong></span> <span class='ocrx_word' id='word_1_295' title='bbox 1442 3682 1520 3724; x_wconf 88' lang='lat' dir='ltr'><strong>ta-</strong></span> 
     </span>
     <span class='ocr_line' id='line_1_40' title="bbox 457 3746 1520 3815; baseline 0.007 -19"><span class='ocrx_word' id='word_1_296' title='bbox 457 3746 627 3797; x_wconf 76' lang='lat' dir='ltr'><strong>bellae.</strong></span> <span class='ocrx_word' id='word_1_297' title='bbox 693 3749 897 3798; x_wconf 86' lang='lat' dir='ltr'><strong>Plinius</strong></span> <span class='ocrx_word' id='word_1_298' title='bbox 916 3747 1054 3799; x_wconf 78' lang='lat' dir='ltr'><strong>infra</strong></span> <span class='ocrx_word' id='word_1_299' title='bbox 1075 3751 1141 3801; x_wconf 90' lang='lat' dir='ltr'><strong>de</strong></span> <span class='ocrx_word' id='word_1_300' title='bbox 1166 3752 1264 3801; x_wconf 85' lang='lat' dir='ltr'><strong>boc</strong></span> <span class='ocrx_word' id='word_1_301' title='bbox 1285 3753 1397 3815; x_wconf 86' lang='lat' dir='ltr'><strong>ipso</strong></span> <span class='ocrx_word' id='word_1_302' title='bbox 1420 3751 1520 3803; x_wconf 88' lang='lat' dir='ltr'><strong>As·</strong></span> 
     </span>
     <span class='ocr_line' id='line_1_41' title="bbox 455 3824 1520 3888; baseline 0.005 -14"><span class='ocrx_word' id='word_1_303' title='bbox 455 3824 787 3888; x_wconf 83' lang='lat' dir='ltr'><strong>clepiodoro:</strong></span> <span class='ocrx_word' id='word_1_304' title='bbox 824 3826 1057 3875; x_wconf 81' lang='lat' dir='ltr'><strong>‘Eadem</strong></span> <span class='ocrx_word' id='word_1_305' title='bbox 1095 3834 1254 3878; x_wconf 81' lang='lat' dir='ltr'><strong>oetate</strong></span> <span class='ocrx_word' id='word_1_306' title='bbox 1288 3828 1385 3878; x_wconf 80' lang='lat' dir='ltr'><strong>fuit</strong></span> <span class='ocrx_word' id='word_1_307' title='bbox 1418 3827 1520 3878; x_wconf 88' lang='lat' dir='ltr'><strong>As·</strong></span> 
     </span>
     <span class='ocr_line' id='line_1_42' title="bbox 453 3899 1515 3966; baseline 0.007 -19"><span class='ocrx_word' id='word_1_308' title='bbox 453 3899 801 3962; x_wconf 87' lang='lat' dir='ltr'><strong>clepiodorus,</strong></span> <span class='ocrx_word' id='word_1_309' title='bbox 825 3916 975 3965; x_wconf 87' lang='lat' dir='ltr'><strong>quem</strong></span> <span class='ocrx_word' id='word_1_310' title='bbox 1013 3903 1066 3951; x_wconf 92' lang='lat' dir='ltr'><strong>in</strong></span> <span class='ocrx_word' id='word_1_311' title='bbox 1103 3905 1400 3966; x_wconf 82' lang='lat' dir='ltr'><strong>symmetria</strong></span> <span class='ocrx_word' id='word_1_312' title='bbox 1425 3905 1515 3954; x_wconf 89' lang='lat' dir='ltr'><strong>mi-</strong></span> 
     </span>
     <span class='ocr_line' id='line_1_43' title="bbox 454 3974 942 4040; baseline 0.01 -18"><span class='ocrx_word' id='word_1_313' title='bbox 454 3974 669 4024; x_wconf 85' lang='lat' dir='ltr'><strong>rabatur</strong></span> <span class='ocrx_word' id='word_1_314' title='bbox 690 3974 942 4040; x_wconf 65' lang='lat' dir='ltr'><strong>Apelles:</strong></span> 
     </span>
    </p>

    <p class='ocr_par' dir='ltr' id='par_1_11' title="bbox 452 4051 1513 4349">
     <span class='ocr_line' id='line_1_44' title="bbox 519 4051 1254 4116; baseline 0.015 -23"><span class='ocrx_word' id='word_1_315' title='bbox 519 4057 542 4093; x_wconf 79' lang='lat' dir='ltr'><strong>r</strong></span> <span class='ocrx_word' id='word_1_316' title='bbox 577 4051 641 4098; x_wconf 76' lang='lat' dir='ltr'><strong>In</strong></span> <span class='ocrx_word' id='word_1_317' title='bbox 661 4051 900 4116; x_wconf 73' lang='lat' dir='ltr'><strong>machino]</strong></span> <span class='ocrx_word' id='word_1_318' title='bbox 939 4054 1009 4102; x_wconf 86' lang='lat' dir='ltr'><strong>Le</strong></span> <span class='ocrx_word' id='word_1_319' title='bbox 1029 4057 1254 4106; x_wconf 75' lang='lat' dir='ltr'><strong>chevalet.</strong></span> 
     </span>
     <span class='ocr_line' id='line_1_45' title="bbox 456 4127 1513 4195; baseline 0.009 -21"><span class='ocrx_word' id='word_1_320' title='bbox 456 4182 460 4186; x_wconf 16' lang='grc' dir='ltr'><strong>Α</strong></span> <span class='ocrx_word' id='word_1_321' title='bbox 517 4134 539 4159; x_wconf 78' lang='lat'>⁸</span> <span class='ocrx_word' id='word_1_322' title='bbox 570 4127 770 4183; x_wconf 72' lang='lat' dir='ltr'><strong>Liaeam</strong></span> <span class='ocrx_word' id='word_1_323' title='bbox 814 4144 877 4179; x_wconf 81' lang='lat' dir='ltr'><strong>ex</strong></span> <span class='ocrx_word' id='word_1_324' title='bbox 913 4131 1083 4195; x_wconf 87' lang='lat' dir='ltr'><strong>colore]</strong></span> <span class='ocrx_word' id='word_1_325' title='bbox 1131 4134 1341 4182; x_wconf 83' lang='lat' dir='ltr'><strong>Lineam</strong></span> <span class='ocrx_word' id='word_1_326' title='bbox 1384 4150 1513 4184; x_wconf 86' lang='lat' dir='ltr'><strong>cave</strong></span> 
     </span>
     <span class='ocr_line' id='line_1_46' title="bbox 453 4203 1513 4274; baseline 0.007 -20"><span class='ocrx_word' id='word_1_327' title='bbox 453 4203 637 4254; x_wconf 84' lang='lat' dir='ltr'><strong>credas</strong></span> <span class='ocrx_word' id='word_1_328' title='bbox 660 4204 713 4254; x_wconf 93' lang='lat' dir='ltr'><strong>in</strong></span> <span class='ocrx_word' id='word_1_329' title='bbox 738 4204 943 4268; x_wconf 83' lang='lat' dir='ltr'><strong>pictura</strong></span> <span class='ocrx_word' id='word_1_330' title='bbox 966 4207 1099 4256; x_wconf 87' lang='lat' dir='ltr'><strong>idem</strong></span> <span class='ocrx_word' id='word_1_331' title='bbox 1123 4217 1281 4274; x_wconf 87' lang='lat' dir='ltr'><strong>atque</strong></span> <span class='ocrx_word' id='word_1_332' title='bbox 1305 4211 1352 4258; x_wconf 90' lang='lat' dir='ltr'><strong>in</strong></span> <span class='ocrx_word' id='word_1_333' title='bbox 1372 4211 1513 4265; x_wconf 85' lang='lat' dir='ltr'><strong>Geo-</strong></span> 
     </span>
     <span class='ocr_line' id='line_1_47' title="bbox 452 4281 1512 4349; baseline 0.007 -17"><span class='ocrx_word' id='word_1_334' title='bbox 452 4281 670 4335; x_wconf 85' lang='lat' dir='ltr'><strong>metrice</strong></span> <span class='ocrx_word' id='word_1_335' title='bbox 693 4295 826 4339; x_wconf 79' lang='lat' dir='ltr'><strong>esse,</strong></span> <span class='ocrx_word' id='word_1_336' title='bbox 864 4283 1238 4349; x_wconf 81' lang='lat' dir='ltr'><strong>longitudinem</strong></span> <span class='ocrx_word' id='word_1_337' title='bbox 1260 4285 1371 4338; x_wconf 84' lang='lat' dir='ltr'><strong>sine</strong></span> <span class='ocrx_word' id='word_1_338' title='bbox 1394 4288 1512 4338; x_wconf 86' lang='lat' dir='ltr'><strong>lati·</strong></span> 
     </span>
    </p>
   </div>
   <div class='ocr_carea' id='block_1_9' title="bbox 1596 3210 2666 4207">
    <p class='ocr_par' dir='ltr' id='par_1_12' title="bbox 1596 3210 2666 4207">
     <span class='ocr_line' id='line_1_48' title="bbox 1601 3210 2665 3277; baseline -0.006 -13"><span class='ocrx_word' id='word_1_339' title='bbox 1601 3214 1779 3264; x_wconf 83' lang='lat' dir='ltr'><strong>Graeei</strong></span> <span class='ocrx_word' id='word_1_340' title='bbox 1801 3214 2021 3277; x_wconf 75' lang='grc' dir='ltr'><em>γραμμὴν</em></span> <span class='ocrx_word' id='word_1_341' title='bbox 2044 3220 2253 3274; x_wconf 81' lang='lat' dir='ltr'><strong>vocant,</strong></span> <span class='ocrx_word' id='word_1_342' title='bbox 2269 3218 2332 3276; x_wconf 71' lang='lat' dir='ltr'><strong>ut</strong></span> <span class='ocrx_word' id='word_1_343' title='bbox 2340 3211 2542 3273; x_wconf 70' lang='grc' dir='ltr'><strong>γραφεῖς</strong></span> <span class='ocrx_word' id='word_1_344' title='bbox 2556 3210 2665 3273; x_wconf 87' lang='lat' dir='ltr'><strong>pic-</strong></span> 
     </span>
     <span class='ocr_line' id='line_1_49' title="bbox 1602 3286 2664 3355; baseline -0.005 -15"><span class='ocrx_word' id='word_1_345' title='bbox 1602 3299 1762 3352; x_wconf 87' lang='lat' dir='ltr'><strong>tores,</strong></span> <span class='ocrx_word' id='word_1_346' title='bbox 1787 3305 2017 3355; x_wconf 84' lang='lat' dir='ltr'><strong>opusque</strong></span> <span class='ocrx_word' id='word_1_347' title='bbox 2038 3286 2251 3351; x_wconf 72' lang='grc' dir='ltr'><strong><em>γράμμα.</em></strong></span> <span class='ocrx_word' id='word_1_348' title='bbox 2299 3288 2415 3337; x_wconf 91' lang='lat' dir='ltr'><strong>Nos</strong></span> <span class='ocrx_word' id='word_1_349' title='bbox 2437 3293 2664 3336; x_wconf 85' lang='lat' dir='ltr'><strong>tractum</strong></span> 
     </span>
     <span class='ocr_line' id='line_1_50' title="bbox 1602 3364 2665 3432; baseline -0.005 -15"><span class='ocrx_word' id='word_1_350' title='bbox 1602 3369 1831 3432; x_wconf 85' lang='lat' dir='ltr'><strong>penicilli</strong></span> <span class='ocrx_word' id='word_1_351' title='bbox 1850 3382 2108 3418; x_wconf 81' lang='lat' dir='ltr'><strong>vocamus.</strong></span> <span class='ocrx_word' id='word_1_352' title='bbox 2156 3367 2296 3415; x_wconf 85' lang='lat' dir='ltr'><strong>Hinc</strong></span> <span class='ocrx_word' id='word_1_353' title='bbox 2313 3367 2329 3394; x_wconf 90' lang='lat'>‘</span> <span class='ocrx_word' id='word_1_354' title='bbox 2344 3365 2583 3414; x_wconf 89' lang='lat' dir='ltr'><strong>omnibns</strong></span> <span class='ocrx_word' id='word_1_355' title='bbox 2606 3364 2665 3413; x_wconf 89' lang='lat' dir='ltr'><strong>li-</strong></span> 
     </span>
     <span class='ocr_line' id='line_1_51' title="bbox 1602 3443 2666 3507; baseline -0.007 -11"><span class='ocrx_word' id='word_1_356' title='bbox 1602 3447 1711 3498; x_wconf 82' lang='lat' dir='ltr'><strong>neis</strong></span> <span class='ocrx_word' id='word_1_357' title='bbox 1736 3446 2028 3495; x_wconf 82' lang='lat' dir='ltr'><strong>absolutum</strong></span> <span class='ocrx_word' id='word_1_358' title='bbox 2052 3443 2284 3507; x_wconf 82' lang='lat' dir='ltr'><strong>opus&#39;de</strong></span> <span class='ocrx_word' id='word_1_359' title='bbox 2307 3447 2666 3492; x_wconf 85' lang='lat' dir='ltr'><strong>consummato</strong></span> 
     </span>
     <span class='ocr_line' id='line_1_52' title="bbox 1601 3518 2664 3587; baseline -0.008 -12"><span class='ocrx_word' id='word_1_360' title='bbox 1601 3525 1835 3580; x_wconf 84' lang='lat' dir='ltr'><strong>dicimus,</strong></span> <span class='ocrx_word' id='word_1_361' title='bbox 1874 3523 2009 3587; x_wconf 89' lang='lat' dir='ltr'><strong>quod</strong></span> <span class='ocrx_word' id='word_1_362' title='bbox 2034 3527 2116 3570; x_wconf 87' lang='lat' dir='ltr'><strong>est</strong></span> <span class='ocrx_word' id='word_1_363' title='bbox 2138 3534 2204 3569; x_wconf 88' lang='lat' dir='ltr'><strong>ex</strong></span> <span class='ocrx_word' id='word_1_364' title='bbox 2228 3519 2438 3583; x_wconf 85' lang='lat' dir='ltr'><strong>pictura</strong></span> <span class='ocrx_word' id='word_1_365' title='bbox 2462 3518 2664 3567; x_wconf 83' lang='lat' dir='ltr'><strong>desum-</strong></span> 
     </span>
     <span class='ocr_line' id='line_1_53' title="bbox 1602 3594 2663 3663; baseline -0.007 -13"><span class='ocrx_word' id='word_1_366' title='bbox 1602 3606 1731 3663; x_wconf 89' lang='lat' dir='ltr'><strong>tum,</strong></span> <span class='ocrx_word' id='word_1_367' title='bbox 1754 3599 1877 3649; x_wconf 77' lang='grc' dir='ltr'><strong>κατὰ</strong></span> <span class='ocrx_word' id='word_1_368' title='bbox 1891 3594 2181 3661; x_wconf 76' lang='grc' dir='ltr'><strong><em>μεταφοράν.</em></strong></span> <span class='ocrx_word' id='word_1_369' title='bbox 2251 3595 2528 3645; x_wconf 87' lang='lat' dir='ltr'><strong>Linearum</strong></span> <span class='ocrx_word' id='word_1_370' title='bbox 2548 3609 2663 3658; x_wconf 85' lang='lat' dir='ltr'><strong>por·</strong></span> 
     </span>
     <span class='ocr_line' id='line_1_54' title="bbox 1604 3672 2662 3740; baseline -0.005 -14"><span class='ocrx_word' id='word_1_371' title='bbox 1604 3692 1660 3726; x_wconf 90' lang='lat' dir='ltr'><strong>ro</strong></span> <span class='ocrx_word' id='word_1_372' title='bbox 1684 3679 1940 3728; x_wconf 86' lang='lat' dir='ltr'><strong>tenuitate</strong></span> <span class='ocrx_word' id='word_1_373' title='bbox 1963 3690 2094 3740; x_wconf 83' lang='lat' dir='ltr'><strong>opus</strong></span> <span class='ocrx_word' id='word_1_374' title='bbox 2114 3679 2213 3729; x_wconf 83' lang='lat' dir='ltr'><strong>est,</strong></span> <span class='ocrx_word' id='word_1_375' title='bbox 2238 3673 2290 3721; x_wconf 90' lang='lat' dir='ltr'><strong>in</strong></span> <span class='ocrx_word' id='word_1_376' title='bbox 2313 3673 2491 3721; x_wconf 87' lang='lat' dir='ltr'><strong>multis</strong></span> <span class='ocrx_word' id='word_1_377' title='bbox 2506 3672 2662 3721; x_wconf 88' lang='lat' dir='ltr'><strong>linea·</strong></span> 
     </span>
     <span class='ocr_line' id='line_1_55' title="bbox 1600 3747 2660 3816; baseline -0.009 -13"><span class='ocrx_word' id='word_1_378' title='bbox 1600 3754 1789 3803; x_wconf 85' lang='lat' dir='ltr'><strong>mentis</strong></span> <span class='ocrx_word' id='word_1_379' title='bbox 1825 3750 2148 3816; x_wconf 79' lang='lat' dir='ltr'><strong>effingendis,</strong></span> <span class='ocrx_word' id='word_1_380' title='bbox 2195 3748 2246 3797; x_wconf 90' lang='lat' dir='ltr'><strong>in</strong></span> <span class='ocrx_word' id='word_1_381' title='bbox 2278 3747 2660 3810; x_wconf 81' lang='lat' dir='ltr'><strong>capillamento,</strong></span> 
     </span>
     <span class='ocr_line' id='line_1_56' title="bbox 1598 3824 2659 3892; baseline -0.007 -13"><span class='ocrx_word' id='word_1_382' title='bbox 1598 3831 1822 3892; x_wconf 82' lang='lat' dir='ltr'><strong>exempli</strong></span> <span class='ocrx_word' id='word_1_383' title='bbox 1849 3828 2038 3892; x_wconf 83' lang='lat' dir='ltr'><strong>gratia,</strong></span> <span class='ocrx_word' id='word_1_384' title='bbox 2055 3829 2108 3875; x_wconf 88' lang='lat' dir='ltr'><strong>in</strong></span> <span class='ocrx_word' id='word_1_385' title='bbox 2128 3825 2288 3887; x_wconf 83' lang='lat' dir='ltr'><strong>venis,</strong></span> <span class='ocrx_word' id='word_1_386' title='bbox 2304 3824 2659 3888; x_wconf 87' lang='lat' dir='ltr'><strong>similibusque</strong></span> 
     </span>
     <span class='ocr_line' id='line_1_57' title="bbox 1597 3900 2659 3963; baseline -0.008 -7"><span class='ocrx_word' id='word_1_387' title='bbox 1597 3915 1784 3956; x_wconf 82' lang='lat' dir='ltr'><strong>exacte</strong></span> <span class='ocrx_word' id='word_1_388' title='bbox 1806 3903 2088 3953; x_wconf 88' lang='lat' dir='ltr'><strong>formandis</strong></span> <span class='ocrx_word' id='word_1_389' title='bbox 2106 3918 2120 3951; x_wconf 75' lang='lat' dir='ltr'><strong>t</strong></span> <span class='ocrx_word' id='word_1_390' title='bbox 2145 3901 2226 3949; x_wconf 83' lang='lat' dir='ltr'><strong>hie</strong></span> <span class='ocrx_word' id='word_1_391' title='bbox 2244 3900 2378 3949; x_wconf 87' lang='lat' dir='ltr'><strong>enim</strong></span> <span class='ocrx_word' id='word_1_392' title='bbox 2397 3914 2499 3949; x_wconf 87' lang='lat' dir='ltr'><strong>non</strong></span> <span class='ocrx_word' id='word_1_393' title='bbox 2519 3915 2659 3963; x_wconf 80' lang='lat' dir='ltr'><strong>pres·</strong></span> 
     </span>
     <span class='ocr_line' id='line_1_58' title="bbox 1598 3977 2662 4044; baseline -0.007 -13"><span class='ocrx_word' id='word_1_394' title='bbox 1598 3983 1732 4032; x_wconf 88' lang='lat' dir='ltr'><strong>siore</strong></span> <span class='ocrx_word' id='word_1_395' title='bbox 1758 3982 1893 4044; x_wconf 86' lang='lat' dir='ltr'><strong>nisu,</strong></span> <span class='ocrx_word' id='word_1_396' title='bbox 1927 3978 2017 4028; x_wconf 86' lang='lat' dir='ltr'><strong>sed</strong></span> <span class='ocrx_word' id='word_1_397' title='bbox 2046 3977 2270 4028; x_wconf 85' lang='lat' dir='ltr'><strong>delicata</strong></span> <span class='ocrx_word' id='word_1_398' title='bbox 2305 3991 2368 4027; x_wconf 77' lang='lat' dir='ltr'><strong>ae</strong></span> <span class='ocrx_word' id='word_1_399' title='bbox 2407 3991 2662 4040; x_wconf 84' lang='lat' dir='ltr'><strong>suspensa</strong></span> 
     </span>
     <span class='ocr_line' id='line_1_59' title="bbox 1596 4054 2659 4122; baseline -0.009 -12"><span class='ocrx_word' id='word_1_400' title='bbox 1596 4075 1748 4110; x_wconf 88' lang='lat' dir='ltr'><strong>manu</strong></span> <span class='ocrx_word' id='word_1_401' title='bbox 1785 4059 1896 4122; x_wconf 84' lang='lat' dir='ltr'><strong>geri</strong></span> <span class='ocrx_word' id='word_1_402' title='bbox 1930 4072 2035 4106; x_wconf 88' lang='lat' dir='ltr'><strong>rem</strong></span> <span class='ocrx_word' id='word_1_403' title='bbox 2070 4061 2301 4119; x_wconf 88' lang='lat' dir='ltr'><strong>oportet.</strong></span> <span class='ocrx_word' id='word_1_404' title='bbox 2364 4055 2570 4107; x_wconf 76' lang='lat' dir='ltr'><strong>Statius</strong></span> <span class='ocrx_word' id='word_1_405' title='bbox 2608 4054 2659 4101; x_wconf 86' lang='lat' dir='ltr'><strong>in</strong></span> 
     </span>
     <span class='ocr_line' id='line_1_60' title="bbox 1598 4132 2662 4207; baseline -0.006 -23"><span class='ocrx_word' id='word_1_406' title='bbox 1598 4135 1831 4185; x_wconf 87' lang='lat' dir='ltr'><strong>Hercule</strong></span> <span class='ocrx_word' id='word_1_407' title='bbox 1854 4133 2011 4182; x_wconf 88' lang='lat' dir='ltr'><strong>Vind.</strong></span> <span class='ocrx_word' id='word_1_408' title='bbox 2047 4136 2062 4161; x_wconf 78' lang='lat'>⁸</span> <span class='ocrx_word' id='word_1_409' title='bbox 2083 4132 2244 4180; x_wconf 86' lang='lat' dir='ltr'><strong>Linea</strong></span> <span class='ocrx_word' id='word_1_410' title='bbox 2279 4145 2397 4194; x_wconf 79' lang='lat' dir='ltr'><strong>quae</strong></span> <span class='ocrx_word' id='word_1_411' title='bbox 2425 4137 2662 4207; x_wconf 36' lang='lat' dir='ltr'><strong>veterem·</strong></span> 
     </span>
    </p>
   </div>
   <div class='ocr_carea' id='block_1_10' title="bbox 1597 4206 2298 4277">
    <p class='ocr_par' dir='ltr' id='par_1_13' title="bbox 1597 4206 2298 4277">
     <span class='ocr_line' id='line_1_61' title="bbox 1597 4206 2298 4277; baseline -0.007 -16"><span class='ocrx_word' id='word_1_412' title='bbox 1597 4213 1747 4277; x_wconf 81' lang='lat' dir='ltr'><strong>longe</strong></span> <span class='ocrx_word' id='word_1_413' title='bbox 1771 4211 2000 4262; x_wconf 81' lang='lat' dir='ltr'><strong>fateatur</strong></span> <span class='ocrx_word' id='word_1_414' title='bbox 2024 4206 2298 4273; x_wconf 56' lang='lat' dir='ltr'><strong>Apellem:</strong></span> 
     </span>
    </p>
   </div>
  </div>
 </body>
</html>
