3000 4917
2328 372 2505 440 4585

288 535 502 598 ticum
554 532 1013 615 appellabant.
1127 533 1407 616 Ptopter
1464 532 1695 611 hunc,⁰
1756 534 1871 617 qui
1926 539 2069 597 erat
2107 532 2502 616 ‘SicyoniuS,

293 636 519 698 diviso
578 635 947 700 Helladico
999 636 1127 699 tria
1176 634 1358 701 facta
1410 644 1606 700 sunt:
1674 633 2034 706 Ionicum‚‘¹
2086 636 2501 717 Sicyonium,

294 734 624 801 Atticum.

384 836 775 920 Pamphili:
814 838 1125 916 cognatio
1144 846 1193 885 ³¹
1231 844 1298 902 et
1329 836 1676 923 praelium‘
1705 838 1794 904 ad
1820 838 2221 917 Phliuntem,
2254 859 2335 903 ac
2366 841 2502 903 vic-

293 941 468 1003 toria
517 939 1118 1005 Atheniensiumzss
1179 941 1341 1005 item
1398 942 1686 1027 Ulysses
1729 944 1801 1006 in
1853 938 2050 1005 rate.¹²
2138 940 2303 1024 Ipse
2348 940 2503 1006 Ma-

294 1041 470 1105 cedo
491 1038 581 1087 ³²³
635 1042 932 1118 natione,
985 1041 1109 1105 sed
1162 1044 1421 1125 primus
1478 1046 1544 1108 in
1598 1045 1870 1127 pictura
1923 1043 2233 1107 omnibus
2289 1043 2505 1107 literis

293 1141 620 1220 eruditus»,
651 1143 992 1227 praecipue
1023 1143 1430 1209 arithmetice
1459 1151 1527 1209 et
1552 1140 2053 1227 geometrice‚³³³'
2086 1144 2230 1208 sine
2257 1144 2504 1227 quibus

290 1245 585 1324 negabat
629 1251 836 1308 artem
868 1243 1096 1326 perfici
1128 1265 1354 1326 posse.
1450 1247 1706 1311 Docuit
1737 1247 2067 1310 neminem
2093 1246 2371 1309 minoris
2401 1250 2506 1309 ta·

291 1345 468 1409 lento
488 1343 514 1381 ¹³
547 1366 767 1410 annuo
791 1368 806 1407 ε
828 1342 914 1393 ³4¹
962 1365 1165 1429 quam
1194 1347 1572 1412 mercedem
1603 1349 1664 1412 ei
1691 1346 1971 1431 Apelles
2001 1353 2067 1413 et
2097 1346 2502 1413 Melanthius

860 392 1035 439 NA'r.
1086 390 1278 439 msr.
1336 390 1479 438 ms.
1531 388 1790 438 xxxv,
1835 374 1942 440 36.

1223 1526 1369 1546 ‘em
1375 1527 1585 1550 OOOOOOO

287 1642 562 1705 complemus
580 1642 855 1694 eirea—31
891 1643 1140 1708 Pamphili
1156 1645 1348 1708 pictura
1369 1646 1591 1705 cognatio
1614 1645 1843 1695 Gronov.
1867 1653 1922 1696 et
1940 1647 2003 1696 al.
2028 1652 2148 1695 ante
2174 1642 2503 1695 nardum.—

293 1711 356 1754 32
392 1707 526 1755 Cod.
559 1708 741 1757 Dalec.
764 1710 985 1757 maledici
1003 1710 1248 1758 πίω-33
1287 1707 1457 1758 chiffl.
1491 1712 1804 1760 arithmetice
1838 1717 1887 1760 et
1913 1711 2362 1773 geometriam—34
2393 1711 2407 1736 ‘
2435 1708 2500 1756 In

292 1772 423 1819 Mss.
445 1772 579 1835 Reg.
597 1774 792 1822 ‘abacis
811 1774 1012 1823 minoris
1030 1774 1262 1823 απηκίεά.
1329 1773 1392 1822 In
1416 1774 1649 1824 editione
1674 1777 1927 1839 principe,
1949 1779 2127 1824 talento
2145 1773 2344 1823 minoris
2363 1774 2502 1822 annis

289 1837 340 1883 d.
375 1836 514 1885 Inde
537 1839 868 1886 emendatum
894 1840 943 1886 in
971 1839 1346 1887 recentioribus
1378 1839 1717 1899 editionibus,
1749 1843 1949 1889 minoris
1970 1842 2149 1889 leuato
2170 1838 2308 1888 annis
2322 1839 2500 1886 decem.

291 1900 692 1950 Emendandum
716 1901 837 1961 fuit,
851 1903 1027 1952 talento
1046 1918 1215 1960 annuo,
1230 1911 1289 1953 ut
1308 1911 1454 1964 patet
1471 1919 1537 1952 ex
1556 1905 1914 1969 sequentibus,
1937 1914 1949 1933 ·
1969 1919 2118 1967 quam
2141 1902 2434 1952 mercedem
2453 1902 2502 1950 ei

290 1963 508 2029 Apelles
540 1974 597 2014 et
637 1967 956 2016 Melanthius
994 1967 1228 2016 dedere!
1291 1968 1453 2017 Patet
1486 1971 1624 2018 enim
1663 1984 1729 2019 ex
1765 1970 2051 2018 Plutarcho
2075 1971 2127 2017 in
2154 1967 2339 2027 Arato,
2381 1981 2501 2029 pag.

293 2032 439 2077 1032.
484 2028 726 2094 Apellem
771 2031 980 2081 dedisse
1025 2039 1230 2083 tantum
1265 2046 1421 2081 unum
1467 2035 1740 2088 talentum,
1779 2033 1858 2082 ἐπὶ
1899 2033 2140 2095 ταλάντῳ.
2225 2032 2502 2081 Talentum

242 2150 261 2173 f
289 2101 466 2143 antem
491 2092 730 2145 Atticum
766 2095 928 2145 efficit
963 2096 1185 2145 Gallicae
1209 2107 1433 2147 monem
1466 2098 1624 2147 libras
1648 2097 1834 2158 4568?
1867 2100 2086 2148 Brotier.
2152 2099 2331 2146 laento
2361 2095 2502 2144 annis

288 2160 449 2208 decem
474 2160 705 2208 Gronov.
726 2160 985 2210 Harduin.
1010 2167 1055 2209 1.
1079 2165 1129 2210 2.
1153 2165 1202 2211 3.
1229 2170 1283 2210 et
1307 2172 1534 2212 recentt.
1584 2172 1598 2192 ⁸
1616 2167 1787 2212 annuis
1808 2163 2005 2212 talentis
2026 2165 2183 2212 decem
2205 2161 2434 2210 Budaeus
2469 2175 2500 2208 e

291 2223 419 2274 Vet.
472 2226 656 2274 talento
678 2226 823 2276 Plut.
846 2225 900 2274 in
921 2224 1109 2289 Arato,
1134 2234 1192 2276 ut
1211 2227 1313 2277 hic.
1381 2228 1456 2278 X.
1480 2229 1545 2278 L.
1580 2228 1712 2278 Mss.
1729 2227 1866 2292 quod
1891 2228 2195 2290 absurdum,
2215 2240 2312 2276 nec
2335 2224 2504 2274 credi·

1284 2406 1503 2457 NOTAE

350 2544 375 2570 τ
410 2535 622 2598 Propter
641 2534 792 2600 lianc]
831 2536 1156 2601 Eupompum
1181 2534 1361 2586 videli·
1437 2536 1580 2589 bant.
1615 2537 1750 2589 Vide
1775 2539 1945 2589 Notas
1968 2545 2023 2588 et
2047 2535 2264 2588 Emend.
2289 2550 2428 2586 num.
2447 2541 2497 2586 9.

292 2619 399 2661 cet.
1503 2612 1527 2646 ¹¹
1566 2614 1757 2679 Ulysses
1797 2616 1849 2664 in
1892 2614 2019 2677 rote]
2075 2614 2138 2663 In
2180 2613 2267 2662 illo
2319 2626 2499 2661 errore

347 2688 374 2722 ¹¹
408 2686 655 2750 Ionicum]
691 2688 843 2741 Quod
869 2695 923 2738 et
947 2688 1255 2740 Asiaticum.
1294 2690 1359 2740 In
1436 2690 1803 2754 navigationis,
1842 2705 1958 2742 cum
1996 2705 2113 2741 eum
2159 2690 2386 2754 Calypso
2421 2689 2500 2738 di·

287 2765 517 2816 Hellade
573 2766 820 2829 Sicyonia
877 2764 1022 2828 regio
1079 2773 1133 2814 et
1182 2765 1361 2817 Attica

285 2842 456 2892 fuere.
521 2841 746 2905 Sicyone
781 2842 1018 2905 inprimis
1060 2841 1215 2892 haesit
1248 2843 1359 2907 pie·

287 2927 420 2970 turae
445 2921 631 2984 gloria.
698 2920 967 2971 Plutarch.
992 2922 1089 2970 loc.
1113 2920 1205 2971 eit.
1235 2935 1358 2987 pag.

290 3000 442 3046 1032.

347 3082 371 3108 θ
402 3071 682 3135 Pamphili]
719 3072 1068 3138 Subintellige
1091 3079 1108 3103 ‘
1127 3070 1274 3124 estz’
1298 3079 1358 3124 ut

288 3164 463 3214 supra,
509 3153 526 3176 ⁸
546 3150 647 3198 Est
703 3149 964 3213 Eupompi
1020 3148 1225 3199 victor.’
1289 3149 1356 3197 In

287 3226 429 3275 libris
447 3225 704 3275 hactenus
736 3227 980 3289 vulgatis,
1006 3225 1245 3290 Pamphili
1256 3226 1358 3290 pic·

284 3307 393 3350 tura
409 3305 505 3363 est,
524 3299 618 3349 sed
639 3301 705 3351 ab
736 3301 1114 3364 interpolatore
1136 3302 1356 3366 adjectae

282 3378 363 3426 hae
385 3392 547 3427 voces
571 3377 765 3427 desunt
789 3378 841 3425 in
865 3378 995 3427 Mss.
1174 3380 1185 3387 ”

345 3450 366 3485 ¹
403 3453 646 3515 Cognatio
690 3458 741 3503 et
781 3454 1024 3518 pra-lium]
1082 3455 1204 3504 Una
1243 3459 1356 3506 haec

285 3529 495 3591 pictura
528 3527 648 3583 fnit,
681 3544 795 3592 quae
824 3529 1018 3579 sociale
1056 3530 1246 3579 bellum
1268 3531 1357 3580 ad·

285 3620 468 3654 versus
494 3605 751 3654 Phliasios
777 3605 1110 3668 exprimeret,
1137 3622 1357 3672 quorum

286 3679 442 3730 fidem
465 3681 520 3730 in
557 3682 755 3731 tuenda
788 3682 1047 3732 societate
1076 3683 1258 3732 laudat
1280 3685 1357 3733 lu-

288 3759 467 3820 primis
516 3757 814 3821 Xenophon
865 3757 1007 3807 Hist.
1048 3756 1219 3809 Graec.
1262 3759 1355 3811 lib.

290 3845 386 3880 vu.
414 3847 467 3896 p.
489 3835 605 3881 624.
641 3838 698 3881 et
723 3846 832 3895 seq.
898 3832 1182 3882 Castellum
1211 3834 1360 3883 Phli-

288 3924 347 3957 us
364 3911 412 3957 in
439 3909 639 3958 Achaia
656 3906 777 3973 fuit,
792 3922 872 3958 ιν.
890 3913 940 3959 6.
955 3909 1110 3974 hujus
1127 3910 1356 3975 Pliniani

290 3997 477 4048 operis.

351 4068 374 4103 s
408 4063 484 4109 Ac
500 4059 704 4109 victoria
737 4060 812 4124 [et
833 4059 1060 4124 hicterio]
1089 4061 1355 4113 Athenien·

289 4136 432 4200 dum]
483 4135 692 4199 Ἰκτηρία
714 4136 797 4184 vel
820 4135 1044 4200 ἱκετηρία,
1068 4151 1235 4187 ramus
1260 4132 1357 4188 oli·¹

296 4225 368 4260 vae
388 4202 425 4265 a
458 4212 782 4276 supplicibus
820 4222 1125 4276 proetensus,
1156 4215 1244 4277 qui
1270 4228 1355 4265 ve·

212 4291 219 4298 “
293 4289 428 4339 niam
449 4302 706 4355 opemque
727 4287 794 4341 ab
810 4288 1216 4343 Atheniensibus
1239 4305 1354 4344 ora·

1436 2768 1595 2817 misit.

1499 2843 1515 2876 ¹
1547 2846 1658 2908 Ipse
1682 2843 1903 2908 Macedo]
1958 2845 2039 2893 Ex
2069 2842 2263 2907 oppido
2286 2840 2500 2906 Amphi-

1434 2924 1563 2989 poli,
1579 2923 1631 2973 in
1654 2923 1876 2973 confinio
1896 2922 2222 2972 Macedoniae
2240 2921 2497 2971 Thraciae·

1433 3014 1556 3065 qne,
1587 3007 1644 3049 ut
1667 2999 1851 3048 Suidas
1875 3007 1953 3048 est
1977 3006 2175 3048 auctor.
2427 3004 2432 3009 ’

1490 3074 1511 3119 l
1559 3075 1876 3125 Arithmetice
1919 3079 1966 3123 et
2000 3070 2308 3135 geometrice]
2363 3071 2497 3121 Sunt

1432 3151 1546 3202 liaec
1563 3150 1911 3205 substantiva,
1948 3157 2005 3197 ut
2028 3155 2233 3211 vocant,
2254 3145 2495 3195 nomina:

1435 3241 1537 3277 non
1562 3225 1898 3287 adverbialia,
1930 3233 1986 3274 nt
2010 3224 2242 3274 Roberto
2280 3223 2498 3286 Stepha-

1434 3317 1503 3352 no
1548 3303 1731 3351 visum.
1798 3301 1939 3352 Quin
1980 3309 2034 3351 et
2072 3302 2124 3349 in
2164 3297 2333 3351 chiffl.
2376 3300 2495 3350 cod.

1432 3378 1769 3428 Arithmeticoe
1800 3382 1850 3425 et
1874 3373 2184 3427 Geomecriooe
2204 3373 2312 3439 legi,
2330 3376 2496 3438 aiunt,

1433 3456 1527 3504 sed
1564 3457 1831 3517 mendose,
1860 3454 1939 3503 uti
1968 3467 2157 3503 remur.
2222 3453 2357 3502 Vi'de
2379 3467 2494 3518 quse

1434 3531 1663 3581 diximus
1685 3543 1822 3579 xxx.
1842 3533 1892 3579 2.

1497 3605 1523 3640 ¹¹
1556 3606 1769 3655 Minoris
1808 3605 2012 3668 talento]
2058 3603 2144 3653 Sic
2182 3602 2493 3652 Plutarchus

1432 3682 1484 3734 in
1530 3682 1713 3739 Arato,
1766 3678 1835 3730 ἑνὶ
1885 3679 2128 3741 ταλάντῳ,
2182 3694 2301 3742 pag.
2347 3683 2494 3728 1032.

1431 3759 1667 3810 Atticum
1684 3760 1842 3821 igitur
1858 3757 2091 3820 intellige
2110 3771 2124 3804 ε
2151 3755 2369 3805 Gallicoe
2388 3770 2497 3806 mo·

1431 3843 1571 3885 netae
1592 3834 1752 3883 libras
1773 3836 1921 3902 2400.

1497 3911 1513 3946 ¹
1543 3913 1716 3962 A'muw
1730 3908 1896 3972 [annis
1917 3905 2097 3969 decem]
2131 3906 2404 3957 Sententia
2419 3907 2494 3957 vi-

1432 3988 1588 4037 detur
1608 4000 1747 4046 esse,
1774 3983 2012 4046 exegisse
2035 3983 2363 4046 Pamphilum
2388 3984 2494 4033 sin·

1433 4064 1566 4127 gulis
1590 4063 1736 4110 annis
1762 4061 1956 4108 talenta
1977 4060 2209 4122 singula:
2234 4059 2492 4109 neminem

1431 4153 1556 4190 vero
1600 4136 1701 4186 nisi
1733 4142 1924 4184 cuncta
1957 4135 2198 4185 edoctum
2234 4135 2500 4186 dimisisse*

1431 4222 1555 4265 sn'te
1576 4213 1918 4262 decennium:
1946 4225 2047 4276 quo
2084 4213 2331 4279 temporis
2369 4226 2489 4280 spa·

1433 4292 1509 4343 tio
1533 4296 1646 4343 tots
1669 4288 1961 4341 disceretur
1984 4301 2087 4339 ars.
