3000 4917
504 505 896 572 Centesima
922 504 1242 581 secunda,
1289 501 1644 587 Polycles,¹
1689 503 2253 588 cephissodotus,
2284 503 2695 582 Leochares,

505 606 1018 689 Hypatodorus.
1105 606 1487 671 centesima
1519 612 1779 688 quarta,
1826 602 2245 683 Praxiteles}
2276 605 2696 688 Euphranor.

496 709 885 774 Centesima
956 711 1265 793 septima,
1340 709 1620 787 Echion,
1694 708 2201 774 Therimachus.
2310 708 2698 775 centesima

498 812 1030 894 quartadecima,
1062 806 1446 895 Lysippusk
1477 810 1629 890 suit,
1651 830 1804 875 cum
1828 818 1893 875 ct
1916 809 2341 875 Alexander⁶
2371 809 2696 893 Magnus„

497 912 670 977 Item
733 909 1191 996 LysistratuS,¹
1257 922 1329 976 et
1382 915 1587 975 frater
1644 911 1790 995 ejus
1848 911 2142 988 Sthenis,
2183 911 2696 995 ‚Euphronidea

499 1014 870 1092 SostratuS,
903 1015 1052 1092 Ion,
1086 1014 1429 1079 Silanion:
1477 1016 1547 1077 in
1576 1014 1703 1078 hoc
1734 1013 2063 1091 mirabile,
2092 1013 2270 1095 quod
2301 1013 2485 1077 nullo
2533 1013 2697 1077 doc-

494 1124 641 1181 tore
681 1116 934 1181 nobilis
981 1117 1112 1181 fuit
1152 1117 1325 1199 ipse.
1418 1115 1866 1198 Discipulos⁷
1918 1115 2207 1181 habuitm
2260 1115 2576 1192 Zeuxim,
2625 1120 2695 1178 et

494 1216 750 1281 ladem.
840 1216 1225 1282 Centesima
1282 1217 1634 1295 vicesima,
1695 1216 2168 1300 Eutychides,¹²
2227 1216 2691 1301 Euthycrates,

1224 364 1289 413 Ο.
1336 363 1578 411 PLlNu
1630 363 1970 413 ssscunnt

1384 1401 1395 1412 -
1412 1381 1469 1400 00
1476 1381 1736 1403 caeco-9000
1742 1381 1772 1402 0

480 1494 790 1559 phissodorus
823 1494 943 1544 edd.
979 1502 1109 1544 vett.
1150 1458 1204 1545 et
1238 1495 1571 1546 Gronov-fi
1605 1495 1692 1545 Ita
1731 1509 1796 1544 ex
1836 1496 1988 1545 codd.
2030 1493 2329 1543 Hardninus
2365 1501 2421 1543 et
2464 1499 2691 1544 recentt.

473 1558 603 1628 suit,
619 1565 670 1609 et
688 1575 794 1610 cum
813 1575 866 1610 eo
886 1561 1161 1609 Alexander
1181 1559 1301 1612 edd.
1327 1567 1456 1611 vett.
1479 1569 1535 1608 et
1560 1559 1890 1611 Granum-³1
1928 1560 2054 1610 Cod.
2082 1560 2268 1611 Dalec.
2289 1559 2414 1619 suit.
2460 1559 2569 1623 Ipse
2589 1560 2691 1609 dis·

1471 1704 1697 1755 NOTAE

549 1801 576 1837 ¹¹
630 1801 905 1866 Naucydes]
959 1800 1206 1861 Ναυκύδης
1244 1801 1549 1857 statuarius,
1624 1802 1688 1851 lis
1723 1817 1922 1860 manus,
1956 1804 2264 1867 Scopoeque,
2297 1802 2448 1853 Solus
2486 1802 2693 1853 Mento·

485 1878 752 1928 Mathonis
793 1877 853 1926 F.
894 1891 995 1927 non
1032 1878 1192 1926 semel
1232 1876 1474 1926 laudatur
1520 1892 1550 1926 a
1626 1892 1741 1928 reos
1764 1878 1922 1929 habes
1948 1877 2187 1942 labores,'
2208 1882 2309 1928 ὅτε.
2342 1880 2427 1928 De
2452 1878 2687 1941 Euphra·

486 1955 752 2004 Pausania
784 1953 874 2002 lib.
907 1966 973 2003 11.
1005 1968 1125 2017 pag.
1161 1956 1272 2002 126.
1298 1955 1396 2002 &c.
1445 1958 1550 2000 Δει-
1625 1968 1751 2005 nore
1774 1954 1988 2005 inferius
2020 1968 2195 2005 xxxv.
2216 1959 2298 2006 40.
2366 1954 2688 2004 Laudatura

483 2028 681 2089 νομένης
724 2028 828 2093 (sic
873 2030 1007 2079 enim
1050 2028 1401 2091 scribendum,
1445 2042 1549 2077 non
1625 2030 1886 2079 Pausania
1910 2031 2138 2094 lib.r.p.
2155 2034 2204 2080 6.
2254 2028 2447 2093 Ἐχίων,
2469 2035 2525 2079 et
2545 2028 2686 2095 Θηρί-

480 2105 786 2167 Diomedes,
824 2120 888 2153 ex
928 2104 1041 2169 ipso
1085 2105 1261 2154 Plinio
1299 2102 1547 2167 inferius)
1620 2107 1972 2167 naxos-,adhuc
1987 2107 2193 2156 obscuri
2216 2121 2229 2155 ι
2255 2106 2350 2154 nisi
2374 2119 2466 2168 pro
2483 2106 2690 2167 Edrias,

477 2180 727 2230 laudatur
768 2197 798 2229 a
837 2181 1059 2229 'Patiano
1102 2181 1154 2228 in
1190 2188 1322 2229 orat.
1364 2191 1546 2228 contra

480 2255 718 2311 Graecos,
743 2270 863 2319 pag.
889 2258 1002 2304 182.
1027 2254 1143 2318 ejus
1167 2268 1331 2318 opera
1350 2270 1380 2302 a
1406 2255 1546 2305 Pan-

477 2331 624 2380 sania
649 2339 985 2380 recensentur
1009 2330 1098 2379 lib.
1122 2344 1159 2379 1.
1187 2345 1306 2393 pag.
1329 2334 1412 2380 44.
1448 2330 1546 2379 Ka-

477 2421 626 2466 ναχος
646 2406 916 2468 Sicyonius
936 2405 1218 2460 statuarius
1241 2404 1359 2462 fnit,
1385 2406 1544 2470 Poly·

476 2482 603 2530 cleti
637 2481 821 2544 Argivi
859 2479 1025 2544 discip
1066 2482 1164 2544 lus,
1203 2481 1373 2543 iuquit
1404 2481 1541 2530 Pan-

474 2570 586 2606 san.
610 2557 700 2605 lib.
724 2570 800 2605 vr.
825 2571 942 2620 pag.
967 2560 1032 2606 36
1069 2591 1083 2605 .
1108 2566 1163 2606 et
1184 2557 1276 2605 lib.
1298 2571 1400 2607 vu.
1420 2572 1541 2621 pag.

473 2634 592 2680 483.
660 2632 740 2679 De
780 2645 843 2679 eo
885 2631 1073 2681 Cicero
1107 2633 1160 2680 in
1194 2633 1380 2693 Bruto,
1419 2647 1541 2696 pag.

472 2710 590 2755 ⁶85.
625 2704 957 2767 Παγροκλέους
999 2711 1055 2755 et
1091 2703 1317 2768 Κανάχου
1361 2721 1541 2769 opera,

475 2782 623 2846 quasi
672 2782 961 2845 conjunctis
1008 2782 1191 2831 animis
1245 2781 1540 2846 viribusque

472 2855 762 2913 elaborata,
796 2856 978 2905 laudat
1016 2856 1153 2905 idem
1190 2857 1279 2907 lib.
1320 2871 1379 2907 x.
1420 2873 1540 2921 pag.

537 3004 553 3038 ¹
587 3005 826 3070 Polycles]
859 3006 1113 3064 Πολυκλῆς
1150 3014 1268 3056 ortu
1307 3004 1541 3065 Atticus,

468 3079 673 3129 Stadiei
702 3080 1038 3130 Atheniensis
1072 3081 1374 3145 discipulus,
1398 3084 1537 3145 apud

470 3155 700 3206 Pausan.
725 3156 812 3206 lib.
840 3171 922 3207 vr.
952 3172 1071 3222 pag.
1103 3162 1218 3208 861.
1271 3158 1539 3221 Κηφισόδο·

468 3245 555 3279 τος
575 3230 680 3297 (sie
701 3232 858 3281 etiam
885 3234 1014 3282 Μαι.
1033 3233 1165 3296 Reg.
1183 3238 1236 3283 2.
1252 3235 1404 3283 Colb.
1421 3239 1468 3284 8.
1482 3240 1540 3284 et

466 3307 578 3366 alii,
635 3321 737 3356 non
797 3309 1194 3374 Cephissodoras)
1250 3312 1538 3361 statuarius

464 3380 828 3443 Atheniensis,
851 3383 995 3446 cujus
1016 3398 1175 3447 opera
1197 3385 1375 3434 laudat
1399 3386 1536 3435 Pan-

468 3456 664 3517 sanias,
682 3463 793 3506 tum
816 3460 961 3516 alibi,
986 3467 1094 3508 turn
1124 3460 1215 3509 lib.
1247 3473 1326 3511 rx.
1348 3476 1399 3524 p.
1419 3466 1536 3513 666.

467 3531 745 3597 Λεωχάρους
767 3534 854 3584 ῆι).
878 3549 918 3584 1.
942 3550 996 3598 p.
1009 3539 1060 3585 6.
1076 3535 1305 3599 aliasque
1323 3537 1528 3599 passim.

464 3608 793 3672 ’Ὑπατοδώρου
822 3610 914 3660 lib.
951 3622 1078 3659 vui.
1110 3624 1164 3673 p.
1200 3613 1315 3660 497.
1355 3621 1409 3660 et
1433 3612 1528 3661 lib.

471 3696 528 3734 x.
555 3699 606 3746 p.
626 3689 748 3735 627.

528 3760 546 3804 J
590 3760 889 3824 Praxiteles]
937 3761 1098 3825 Cujus
1144 3777 1305 3825 opera
1350 3776 1453 3812 non
1498 3778 1528 3812 a

463 3836 731 3886 Pausania
749 3838 918 3898 modo,
936 3838 1029 3886 sed
1047 3837 1112 3886 ab
1129 3838 1239 3887 aliis
1257 3838 1527 3900 scriptori-

466 3912 565 3961 bus
588 3913 1026 3964 commendantur.
1096 3915 1181 3963 De
1200 3928 1263 3962 eo
1284 3913 1522 3963 inferius.

467 3988 600 4037 Cum
644 3988 835 4037 ceteris
874 3988 1107 4051 ejusdem
1144 3987 1269 4038 artis
1307 3990 1528 4039 maxime

466 4063 652 4126 peritis
691 4077 720 4111 a
753 4063 1003 4113 Martiale
1043 4078 1126 4115 xv.
1155 4068 1238 4114 89.
1272 4066 1527 4127 ‘Argenti

465 4151 629 4202 genus
651 4153 802 4188 omne
823 4140 1152 4202 comparasti,
1189 4142 1257 4189 Et
1277 4142 1415 4190 solus
1439 4155 1528 4191 ve-

466 4221 608 4265 teres
640 4214 879 4278 Myronis
914 4223 1073 4281 artes,
1094 4216 1246 4266 Solus
1283 4215 1527 4266 Praxite-

1623 2195 1689 2229 ex
1710 2181 1972 2241 Vitruvio,
2004 2182 2054 2229 in
2092 2180 2402 2244 praefatione
2434 2180 2553 2229 libri
2578 2189 2688 2230 ter-

1621 2257 1701 2317 tii,
1723 2273 1777 2320 p.
1812 2262 1896 2307 ³7.
1948 2257 2104 2306 Chion
2137 2257 2301 2319 legas,
2324 2270 2476 2320 quem
2500 2256 2685 2304 Corin-

1620 2331 1777 2380 thium
1802 2333 1875 2381 ait
1896 2330 2076 2391 fnisse,
2091 2337 2145 2379 et
2166 2332 2301 2378 iuter
2314 2331 2555 2394 antiquos
2577 2337 2682 2379 sta·

1619 2407 1816 2457 triarios
1842 2408 1894 2456 in
1920 2407 2096 2471 paucis
2123 2414 2236 2455 arte
2266 2406 2511 2454 nobilem.
2573 2405 2684 2455 Sed

1618 2482 1793 2544 iidem,
1831 2483 2030 2531 Echion
2070 2489 2121 2529 et
2154 2481 2544 2543 Therimachus,
2583 2482 2684 2531 ite·

1617 2572 1730 2607 rum
1754 2560 2030 2608 laudantur
2050 2558 2266 2608 inferius
2294 2571 2470 2607 xxxv.
2491 2562 2575 2607 36.

1679 2633 1706 2668 ¹¹
1737 2633 1999 2698 Lysippus]
2031 2634 2307 2696 Sicyonius
2329 2631 2450 2683 fuit.
2511 2634 2592 2683 De
2615 2648 2684 2684 eo

1616 2721 1710 2756 nos
1733 2709 1860 2756 alibi
1881 2707 2106 2757 diximus
2132 2721 2231 2759 vn.
2254 2711 2339 2756 38.
2392 2707 2682 2758 Pausanias

1615 2797 1742 2832 vero
1784 2784 1873 2832 lib.
1914 2797 1978 2832 11.
2023 2798 2078 2845 p.
2121 2788 2233 2832 102.
2282 2782 2486 2831 Plinius
2526 2782 2683 2834 infra.

1614 2858 1750 2907 vido
1781 2860 1907 2908 Not.
1925 2866 1980 2908 et
2001 2860 2218 2908 Emend.
2240 2873 2290 2909 n.
2311 2863 2361 2910 7.

1680 2936 1692 2968 ¹
1725 2935 1850 2984 Item
1879 2934 2207 2998 Lysistratus]
2241 2934 2364 2996 Ipse
2402 2933 2610 2999 quidem
2648 2947 2682 2982 a

1611 3010 1800 3059 ceteris
1840 3008 2181 3071 scriptoribus
2217 3009 2521 3071 neglectus:
2553 3023 2678 3057 cnm

1613 3085 1725 3148 ejus
1748 3082 1913 3133 frater
1938 3082 2101 3136 Σθένις
2123 3084 2404 3147 Olynthius
2428 3092 2545 3133 ortu
2567 3085 2679 3133 lau·

1611 3160 1769 3209 detur
1791 3176 1821 3208 a
1844 3161 2105 3209 Pausania
2128 3160 2218 3208 lib.
2242 3174 2318 3208 vr.
2342 3175 2394 3223 p.
2416 3163 2532 3209 874.
2586 3161 2678 3209 De

1612 3237 1950 3299 Euphronius
1990 3236 2120 3285 nihil
2161 3242 2330 3285 extat.
2396 3235 2679 3302 Σώστρατος

1611 3312 1728 3360 Χῖος
1749 3307 2029 3360 statuarius
2053 3311 2189 3374 apud
2215 3311 2440 3359 Pansan.
2463 3312 2564 3361 loe.
2582 3314 2679 3361 cit.

1613 3402 1666 3450 p.
1687 3391 1799 3437 86⁰.
1824 3387 1933 3435 Ἴων
1954 3388 2141 3436 ceteris
2159 3387 2407 3437 indictus.
2441 3387 2677 3439 Σιλανίων

1614 3462 1944 3512 Atheniensis
1977 3460 2101 3524 fnit,
2137 3469 2274 3511 teste
2308 3463 2491 3511 eodem
2532 3463 2676 3513 Pan-

1611 3540 1898 3600 sania,loc.
1928 3538 2019 3586 cit.
2054 3552 2106 3601 p.
2145 3542 2260 3586 350.
2330 3537 2677 3589 Lsitdatnret

1614 3613 1888 3663 aTatiano
1927 3613 2080 3664 Orat.
2122 3624 2305 3662 contra
2341 3614 2579 3677 Graecos,
2621 3629 2675 3678 p.

1612 3693 1726 3739 182.
1750 3697 1805 3738 et
1843 3689 2177 3738 a'l'hernistio
2214 3689 2364 3739 Orat.
2402 3704 2455 3740 v.
2498 3695 2671 3753 pseu.

1612 3764 1900 3827 Praecepta
1942 3766 2354 3828 symmetriarum
2406 3767 2674 3828 couscrip-

1610 3841 1737 3889 sisse
1797 3840 2009 3902 dicitur,
2051 3849 2266 3890 auctore
2313 3840 2573 3902 Vitruvio,
2615 3841 2671 3890 in

1609 3914 1759 3979 praef.
1783 3918 1872 3965 lib.
1897 3930 2000 3966 vn.
2025 3931 2077 3979 p.
2103 3920 2215 3965 126.

1674 3998 1711 4024 Ν
1760 3992 2034 4055 Discipulos
2078 3990 2269 4054 habuit]
2328 3991 2459 4054 Reg.
2510 3995 2560 4041 2.
2614 4001 2672 4043 et

1605 4066 1757 4117 eolb.
1779 4071 1829 4116 s.
1861 4067 1972 4130 tp„
1996 4067 2278 4130 discipulam
2298 4066 2466 4116 saban
2486 4057 2674 4117 zeina·-

1605 4144 1759 4193 adem.

1671 4224 1698 4251 ¹¹
1732 4217 2043 4284 Eutychides]
2071 4172 2358 4283 Βυτυχίδηε,
2377 4216 2444 4268 de
2466 4232 2572 4283 qno
2588 4219 2668 4268 ina·
2704 4292 2710 4297 ἱ
