3000 4917
494 388 669 455 4654

495 549 739 613 mentis
784 546 1091 612 inseritur
1130 552 1311 629 apte,
1339 544 1818 627 verendisque*
1856 542 2202 625 utriusque
2246 556 2479 606 sexus.

498 642 724 735 quitur
751 652 817 714 in
844 649 1116 733 patinis,
1145 648 1359 713 donec
1383 646 1626 729 liquari
1658 645 1952 711 desinat.

583 751 933 817 Interioris
951 760 978 788 ⁸
1002 758 1110 815 est
1136 750 1418 814 alterum
1451 749 1767 829 generis‚⁹
1787 745 1966 830 quod
1989 741 2407 829 strongylen⁶
2433 749 2709 809 vocant.

496 855 678 920 Duae
720 855 867 939 ejus
915 853 1197 936 specieS,
1228 850 1577 932 fungosum
1627 855 1833 933 atque
1878 846 2063 915 omni
2096 845 2369 909 humore
2401 845 2579 908 dilui
2599 845 2703 908 'fa-

496 957 666 1021 cile:
720 954 900 1040 quod
950 956 1020 1018 in
1079 961 1290 1017 totum
1344 951 1717 1015 damnatur.
1824 948 2078 1013 Melius
2133 946 2588 1029 pumicosum,
2642 953 2710 1011 et

493 1057 898 1122 foraminum
955 1055 1197 1121 fistulis
1255 1055 1560 1136 spongiae
1613 1051 1854 1129 simile,
1908 1047 2395 1130 rotundumque
2442 1054 2709 1124 natura,

498 1159 791 1223 candido
837 1158 1162 1242 propius:
1208 1174 1362 1220 cum
1407 1153 1702 1237 quadam
1746 1150 2232 1236 pinguitudine,
2272 1151 2420 1214 sine
2465 1150 2709 1228 areniS,

496 1260 778 1338 friabile,
809 1279 934 1324 nec
981 1256 1289 1323 inficiens
1317 1254 1605 1338 nigritia.
1694 1253 1852 1317 Hoc
1879 1252 2190 1334 coquitur
2218 1270 2333 1333 per
2364 1271 2437 1315 se
2467 1252 2716 1316 carbo&

495 1361 696 1425 nibus
742 1361 948 1444 puris,
978 1359 1187 1423 donec
1227 1356 1401 1422 cinis
1439 1355 1579 1420 fiat.
1664 1352 2005 1439 Optimum
2039 1372 2128 1416 ex
2158 1353 2469 1416 omnibus
2519 1353 2709 1435 qnod

499 1460 827 1526 Melinum
879 1460 1250 1526 vocantab
1295 1458 1520 1523 insula
1567 1457 1781 1534 Melo,
1810 1465 1887 1521 ut
1926 1455 2274 1519 diximusf·
2357 1455 2560 1519 Nulli
2607 1455 2713 1519 vis

497 1562 716 1646 major
769 1582 991 1646 neque
1048 1560 1474 1644 astringendi,
1525 1580 1741 1644 neque
1798 1556 2208 1639 denigrandi,
2253 1576 2471 1639 neque
2518 1557 2711 1621 iudu-

496 1664 710 1729 randi.
803 1663 1080 1728 Nullum
1125 1661 1436 1746 spissius.
1528 1660 1896 1725 Oculorum
1940 1659 2305 1723 scabritias
2348 1663 2724 1723 extenuati

498 1767 924 1831 combustum
968 1763 1204 1828 utilius
1254 1763 1604 1846 epiphoris
1654 1760 2050 1825 inhibendis.
2138 1760 2256 1825 Sic
2301 1768 2372 1824 et
2412 1760 2500 1824 ad
2553 1780 2713 1843 pru-

497 1868 671 1931 ritus
714 1864 1036 1947 corporiS.
1123 1864 1531 1948 Sanguinem
1575 1881 1849 1947 quoque
1893 1861 2076 1926 sistit
2116 1863 2187 1925 in
2233 1858 2506 1940 ῐοῐιιιιι,τι
2546 1862 2713 1927 soris

497 1967 763 2033 illitum.
850 1965 1090 2030 Vulsis
1132 1965 1293 2047 pilis
1313 1973 1367 2004 ¹0
1406 1985 1494 2029 ex
1548 1969 1742 2029 aceto
1770 1963 2016 2031 illitum
2046 1969 2507 2028 renascentem
2549 1964 2709 2029 mol·

498 2071 582 2135 lit
624 2068 1026 2150 lanuginem.
1115 2066 1389 2131 Summa
1431 2066 1730 2131 omnium
1776 2084 2085 2148 generum
2134 2066 2307 2130 vis¹¹
2356 2067 2423 2131 in
2470 2067 2722 2149 astrin-⁸

500 2168 753 2252 gendo:
799 2166 976 2232 unde
1003 2187 1242 2231 nomen
1270 2166 1588 2234 Graecis.⁶
1677 2165 1788 2231 Ob
1826 2165 1900 2231 id
1943 2164 2330 2232 oculorumf
2367 2169 2551 2233 vitiis
2595 2188 2714 2252 ap-

498 2271 766 2337 tissima
788 2277 969 2333 sunt.
1000 2298 1003 2305 2
1057 2268 1414 2352 Sanguinis
1445 2269 1785 2335 fluxiones
1813 2269 2080 2334 inhibet'
2102 2289 2257 2334 cum
2287 2270 2506 2354 adipe.
2595 2270 2720 2345 Sic,

499 2382 570 2438 et
621 2373 962 2438 infantium
1013 2370 1266 2437 ulcera.
1376 2371 1848 2437 Putrescentia
1907 2371 2204 2437 ulcerum
2260 2373 2644 2456 compescit
2666 2380 2719 2411 ¹²

1230 402 1297 451 Ο.
1344 401 1463 449 PL}
1480 401 1586 448 Nu
1637 398 1971 448 summm

2572 539 2708 606 Go-

1431 2539 1486 2559 OO
1491 2539 1549 2558 00
1552 2538 1577 2559 0
1581 2537 1792 2560 0000000

502 2638 725 2684 recentt.
778 2633 925 2682 dcent
945 2634 1120 2696 minus,
1139 2635 1385 2698 minusque
1405 2634 1558 2691 sistit,
1579 2636 1663 2697 ᾴο.
1693 2633 1820 2684 Vet.
1838 2635 2010 2686 Dalec
2013 2640 2130 2687 .—9
2166 2636 2255 2685 Est
2275 2640 2323 2684 et
2341 2636 2547 2685 numm
2562 2649 2716 2697 genus

502 2697 620 2749 cod.
639 2697 820 2746 Daiec.
871 2670 1216 2747 Intemri’seet
1230 2703 1281 2749 et
1299 2698 1797 2759 alterumgenusvet.
1813 2701 1993 2749 Dalec.
2045 2700 2143 2749 ‘In
2166 2700 2322 2749 codd.
2347 2701 2512 2764 Regg.
2525 2705 2576 2749 2.
2589 2704 2642 2749 3.
2661 2709 2715 2749 et

501 2762 748 2829 Editione
773 2761 1030 2824 principe,
1054 2763 1313 2811 Interior-is
1329 2769 1421 2811 est.
1488 2763 1718 2812 Interius
1733 2763 1934 2813 dictum
1954 2764 2181 2827 videtur,
2201 2764 2338 2828 quod
2358 2764 2546 2814 altius·
2532 2779 2587 2813 ιιι
2614 2773 2714 2812 ter-

501 2822 614 2875 ram
636 2825 880 2875 abditur!
910 2826 1127 2876 Brotier.
1130 2829 1260 2876 —lo
1277 2827 1450 2887 Aufert
1466 2827 1591 2890 pilos
1611 2827 1730 2878 cod.
1754 2829 1941 2878 Dalec.
1945 2833 2071 2876 -lt
2108 2830 2225 2878 ‘lta
2244 2828 2398 2879 codd.
2418 2830 2592 2890 Regg.
2607 2833 2656 2880 2.
2669 2834 2716 2877 5.

502 2891 567 2941 In
590 2891 709 2941 cod.
730 2891 861 2952 Reg.
882 2892 931 2938 3.
956 2891 1200 2939 Editione
1219 2891 1473 2956 principe,
1495 2892 1733 2953 aliisque,
1749 2893 2285 2955 mmmmm.
2327 2894 2557 2942 omnium
2572 2908 2718 2954 gene·

501 2955 732 3004 rumvisss
766 2954 992 3004 Brotier.
1065 2960 1477 3018 renuentemque
1509 2957 1661 3005 mollit
1694 2957 1983 3018 maginem.
2016 2957 2211 3009 Summa
2241 2959 2467 3020 omniunt,
2490 2960 2577 3019 ξε.
2602 2958 2716 3006 cod.

503 3019 689 3069 Dalec.
755 3023 1076 3069 renascentem
1108 3020 1261 3069 mollit
1282 3021 1556 3082 lanuginem
1570 3035 1815 3071 unimam.
1863 3021 2108 3081 Omnium,
2126 3025 2210 3083 ᾂ-σ.
2237 3021 2495 3071 Hardniu.
2523 3025 2572 3071 1.
2592 3026 2643 3070 2.
2665 3025 2720 3071 3

503 3085 700 3135 Miller.
722 3084 941 3150 Bipont.
964 3091 1021 3134 et
1043 3085 1232 3134 Franz.
1235 3087 1364 3134 -12
1398 3085 1525 3135 Vet.
1547 3082 1731 3135 Dalec.
1773 3085 1983 3151 hubae,
2009 3087 2423 3151 putrescentiaque
2442 3088 2717 3151 compescit.

1450 3229 1720 3281 NOTAE

504 3350 688 3406 putres
737 3342 970 3394 dentium
1021 3358 1274 3395 cavernas
1317 3343 1574 3408 impleas.'

506 3418 688 3468 Celsus
713 3431 793 3468 vr.
815 3423 863 3468 9.
895 3420 911 3447 ‘
932 3418 1156 3469 Alumen
1189 3420 1385 3471 scissile
1420 3421 1473 3470 in
1516 3420 1571 3483 id

1650 3353 2053 3486 “El-{guinem
2067 3458 2082 3474 .
2106 3457 2121 3474 .
2138 3457 2152 3472 .
2172 3423 2311 3472 sistit
2330 3422 2385 3472 εἰι
2403 3420 2584 3484 edunt]
2597 3421 2720 3473 Hoc

506 3493 742 3545 foramen
799 3496 1097 3560 conjectum
1141 3495 1353 3547 dentem
1403 3496 1574 3554 citat,'

506 3572 614 3690 ἀεὶ.
636 3648 703 3697 Et
721 3645 982 3710 oculorum]
1012 3647 1195 3698 Diosc.
1217 3649 1317 3700 loc.
1333 3649 1428 3699 cit.

570 3734 593 3759 ²
635 3722 978 3788 Verendisque]
1018 3724 1111 3775 Καὶ
1147 3724 1263 3789 πρὸς
1299 3724 1452 3776 αἰδοῖα
1471 3724 1573 3775 ἐπί·

487 3817 724 3864 ἱχρισνιπις.
790 3800 971 3850 Diosc.
995 3802 1096 3852 loc.
1121 3804 1217 3851 cit.

574 3886 600 3912 ⁸
629 3877 911 3941 Interior-is]
943 3879 1101 3931 Quod
1119 3879 1278 3929 altius
1300 3879 1356 3929 in
1379 3885 1574 3930 terram

513 3953 744 4005 abditur.

574 4028 599 4061 ¹³
635 4029 774 4084 Quod
795 4031 1101 4096 strongylen]
1140 4030 1431 4095 Στρογγύλη
1457 4048 1575 4082 πυ·

510 4102 704 4173 mpla,
722 4107 976 4155 rotundum·
993 4107 1198 4169 alumen,
1232 4122 1263 4157 a
1294 4107 1460 4158 forma
1499 4109 1577 4159 sic

511 4187 885 4244 nuncupatum,
908 4182 973 4230 ab
1005 4183 1120 4246 ipso
1150 4183 1330 4235 Diosc.
1362 4186 1462 4235 loc.
1482 4185 1579 4234 cit.

578 4261 602 4316 9
639 4256 706 4305 Ut
747 4256 979 4322 diximus]
1025 4258 1136 4310 Sub
1180 4260 1383 4312 initium
1421 4260 1578 4324 hujus

1652 3505 1752 3562 est,
1775 3500 1983 3565 omnino
2004 3499 2166 3561 sistit,
2201 3499 2342 3548 unde
2368 3499 2509 3548 unde
2533 3499 2578 3548 is
2603 3513 2719 3562 pro-

1651 3572 1800 3632 fluat,
1832 3576 1942 3625 sive
1984 3589 2015 3625 e
2049 3574 2276 3633 naribus,
2317 3574 2429 3623 sive
2475 3588 2544 3624 ex
2583 3574 2728 3623 alvo.=

1653 3650 1788 3713 Reg.
1807 3654 1857 3700 2.
1902 3649 2053 3700 Sistit
2071 3651 2203 3699 intus
2222 3650 2277 3699 in
2296 3655 2468 3699 totum·
2537 3700 2542 3705 ,

1717 3732 1740 3759 e
1779 3726 1918 3775 Unde
1967 3741 2136 3776 nomen
2182 3726 2395 3790 Gracia]
2430 3723 2724 3788 Erus-impia,
2743 3754 2758 3765 -

1655 3801 1796 3866 quod
1823 3803 1926 3851 vim
1945 3802 2103 3852 babet
2124 3801 2411 3864 στυπτικὴν,
2445 3804 2718 3865 astu-iugem

1653 3884 1767 3929 tem.
1833 3879 2064 3937 Galenus
2108 3880 2176 3930 de
2213 3881 2337 3930 Fac.
2378 3881 2544 3945 Simp.
2575 3879 2720 3929 Med.

1655 3967 1737 4004 lx.
1757 3958 1808 4003 3.
1831 3969 1886 4018 p.
1901 3959 2018 4005 269.

1737 4027 1850 4081 f011
1882 4032 1936 4081 ia
1956 4031 2216 4095 oculorum]
2252 4031 2383 4082 Qum
2407 4032 2609 4095 reliquo
2633 4030 2717 4079 de·

1655 4107 1837 4172 inceps
1859 4121 1977 4171 cap.
1993 4107 2347 4168 continentur,
2369 4107 2485 4158 baec
2503 4107 2719 4159 totidem

1655 4183 1770 4235 fere
1795 4183 1966 4235 verbis
1987 4184 2160 4236 Diosc.
2183 4183 2284 4234 loc.
2301 4182 2393 4233 cit.
