3000 4917
487 324 663 390 4572
1203 342 1268 388 c.
1318 339 1563 388 sunu
1610 339 1948 393 sncuNm

491 492 638 549 tura
688 502 931 548 marem
984 484 1467 568 foeminamque
1516 484 1851 559 discrevit,
1906 483 2271 549 Eumarum
2324 485 2689 553 Athenien·

490 585 710 665 sem,¹¹
757 576 1002 669 figuras
1048 605 1276 651 omnes
1321 586 1563 651 imitari
1607 605 1879 651 ausum:
1930 587 2179 670 quique
2228 578 2500 652 inventa
2542 588 2690 673 ejus

490 690 871 765 excoluit,¹²
917 686 1261 753 Cimonem
1298 688 1741 754 Cleonaeum.x
1830 687 1971 752 Hic
2005 688 2463 772 catagraphay
2499 692 2688 754 'inve-

484 792 611 869 nit,
643 791 770 855 hoc
818 798 943 866 est,
996 790 1307 873 obliquas
1354 791 1722 873 imagines=
1767 795 1835 856 et
1878 791 2061 854 varie
2105 790 2388 856 formare
2440 780 2690 871 vultuS,

486 884 1010 975 respicientes,¹³
1056 884 1664 977 suspicientesque,
1696 898 1762 959 et
1791 894 2263 977 despicientes.
2352 895 2686 962 Articulis

486 984 691 1058 ctiam
740 995 1035 1059 membra
1086 995 1419 1060 distinxit.
1530 994 1762 1061 Venas
1810 997 2125 1079 protulit:
2189 988 2572 1081 praeterque
2617 997 2689 1062 in

397 1160 403 1167 ,
486 1100 669 1159 veste
699 1103 766 1160 et
798 1114 1016 1177 rugaS,
1045 1100 1111 1159 et
1138 1095 1329 1161 sinus
1359 1096 1639 1161 invenit.
1727 1096 2069 1163 Panaenus
2092 1104 2146 1146 ¹4
2188 1098 2509 1181 quidem?
2551 1098 2688 1163 fra·

486 1203 588 1259 ter
619 1196 908 1274 Phidiae,
935 1197 1140 1262 etiam
1172 1198 1476 1281 praelium
1506 1188 2014 1264 Atheniensium
2045 1200 2401 1264 adversum
2432 1200 2685 1265 Persas

486 1298 669 1380 apud
705 1297 1111 1363 Marathona
1131 1306 1159 1334 ⁸
1204 1300 1457 1365 factum
1487 1298 1728 1382 pinxit.
1815 1300 2011 1365 Adeo
2032 1300 2177 1385 jam
2202 1300 2499 1366 colorum
2523 1321 2685 1367 usus

483 1399 1011 1480 increbruerat,¹⁵
1041 1406 1116 1467 ut
1144 1392 1210 1465 in
1242 1421 1326 1466 eo
1353 1402 1593 1484 praelio
1624 1403 1927 1468 iconicos
1957 1401 2202 1468 ducesb
2232 1393 2537 1487 pinxisse
2559 1409 2685 1468 tra·

486 1518 499 1547 s
994 1520 1001 1525 .
1112 1524 1116 1530 ,
2615 1526 2622 1531 .

1403 1582 1764 1604 ’9900Μο

478 1704 686 1763 nentem,
709 1700 776 1749 D.
802 1700 1054 1749 Char-mam
1076 1700 1304 1749 Gronov.
1327 1704 1382 1748 et
1405 1699 1472 1748 al.
1495 1705 1620 1749 ante
1646 1697 1996 1749 Harduin.—l
2010 1703 2035 1747 l
2073 1697 2206 1748 Cod.
2227 1697 2410 1747 Dalec.
2433 1699 2685 1755 discrevit,

484 1764 747 1812 Eumarnm
766 1763 1265 1813 etiam-Atheniensem
1278 1779 1299 1820 ;
1336 1764 1570 1813 Gronov.
1600 1771 1655 1812 et
1679 1765 1745 1812 al.
1772 1772 1899 1814 vett.
1923 1763 2217 1818 discreverit,
2251 1763 2515 1811 Eumarum
2529 1763 2684 1812 Athe·

481 1827 836 1876 iriensem—12
872 1828 958 1877 Ita
980 1828 1135 1879 codd.
1159 1827 1416 1877 Harduini
1440 1835 1494 1877 et
1530 1829 1657 1877 Vct.
1693 1830 1873 1879 Dalec.
1905 1828 2030 1877 item
2060 1827 2182 1876 edd.
2208 1826 2466 1875 Harduin.
2483 1832 2537 1876 1.
2560 1831 2611 1876 2.
2633 1832 2683 1877 3.

481 1898 539 1939 et
570 1901 795 1941 recentt.
860 1893 1118 1942 excoluerit
1142 1892 1376 1942 Gronov.
1400 1899 1455 1942 et
1480 1893 1787 1955 vulgg.-13
1822 1893 1945 1941 Vct.
1966 1893 2148 1942 Dalec.
2169 1897 2297 1943 retro
2319 1891 2685 1952 aspicientese-

482 1957 545 2004 14
579 1956 822 2006 Panuoeus
856 1971 1029 2019 margo
1069 1956 1188 2006 edd.
1228 1957 1414 2006 Dalec.
1452 1964 1510 2006 et
1548 1957 1779 2007 Gronov.
1815 1970 1844 2004 e
1881 1957 2237 2005 Pansam—15
2270 1954 2519 2006 ‘Addunt
2560 1955 2686 2004 Mss.

483 2021 614 2082 Reg.
634 2028 690 2069 et
715 2021 970 2070 editiones
1012 2023 1345 2084 recentiores,
1381 2023 1586 2084 adeoque
1605 2036 1688 2071 ars
1705 2020 1921 2083 perfecta
1944 2027 2068 2070 erat.
2137 2020 2271 2068 Haec
2293 2030 2469 2068 autem
2491 2018 2684 2070 desunt

477 2083 536 2133 in
579 2085 820 2134 Editione
854 2086 1105 2150 principe,
1129 2094 1184 2136 et
1212 2094 1355 2135 certe
1380 2094 1501 2134 sunt
1542 2085 1849 2135 omittenda.
1918 2086 2045 2133 Mox
2070 2085 2206 2133 enim
2231 2083 2436 2133 Plinius
2457 2098 2579 2147 cap.
2601 2088 2684 2133 36.

478 2146 546 2196 de
567 2146 904 2211 Apollodoro,
925 2153 1013 2215 qui
1035 2152 1367 2214 nonagesima
1390 2149 1547 2200 tertia
1570 2149 1884 2213 Olympiade
1918 2148 2142 2205 refulsit,
2167 2148 2269 2198 ait:
2307 2151 2324 2176 ‘
2346 2150 2536 2211 Neque
2560 2157 2686 2198 ante

480 2226 597 2260 enm
633 2215 810 2262 tabula
833 2215 984 2263 ullius
1021 2215 1330 2277 ostenditur,
1352 2230 1466 2281 quae
1494 2221 1675 2264 teneat
1700 2211 1909 2264 oculos.²
1975 2212 2227 2263 Articulis
2248 2212 2505 2262 distincta
2525 2227 2684 2262 mem-

476 2275 591 2335 bra,
623 2280 844 2343 prolatae
881 2293 1046 2344 venae,
1078 2281 1132 2329 in
1168 2286 1312 2330 veste
1337 2293 1477 2343 rngae
1504 2285 1560 2329 et
1596 2280 1758 2337 sinus,
1794 2276 2018 2344 probant
2052 2277 2259 2343 quidem
2281 2279 2517 2328 colorum·
2537 2292 2685 2328 usum

1470 2441 1690 2493 NOTAE

476 2532 610 2618 dam]
640 2555 912 2620 winnoco,
934 2556 1118 2624 Δινίαν,
1138 2556 1411 2620 Χαρμίδαν.
1451 2557 1538 2607 Sic
1619 2558 1884 2618 deformare
1936 2561 2039 2620 est,
2092 2555 2373 2612 describere,
2423 2554 2683 2617 delineare,

478 2630 618 2694 Reg.
634 2636 683 2681 2.
703 2640 757 2681 et
777 2631 924 2682 Colb.
944 2638 993 2684 8.
1012 2635 1131 2684 cod.
1163 2635 1227 2684 In
1246 2636 1401 2685 editis
1419 2634 1539 2684 hac·
1621 2634 1776 2683 variis
1811 2648 1981 2685 retum
2013 2631 2210 2690 formis,
2230 2645 2292 2682 ac
2315 2644 2684 2696 nonnunquam

477 2713 631 2771 tenus
676 2705 840 2765 libris,
886 2707 1274 2772 Hygioenontem,
1318 2708 1539 2764 Dianium,
1620 2710 1779 2758 etiam
1825 2708 1977 2757 variis
2021 2707 2320 2757 coloribus:
2374 2720 2479 2769 quo
2527 2719 2685 2755 sensu

479 2781 754 2837 Charinum,
778 2781 1088 2847 wachone,
1111 2782 1295 2845 Δεινίαν,
1324 2784 1540 2849 Χάρμαν,

476 2873 593 2921 quae
629 2858 846 2921 perinde
886 2859 1078 2910 Graeca
1116 2869 1255 2911 sunt.

539 2941 569 2966 ¹
624 2934 864 2983 Cimonem
910 2935 1200 2999 Cleonoenm]
1264 2939 1426 2988 Extat
1482 2939 1536 2987 in

475 3010 611 3058 linnc
650 3010 916 3059 Cimonem
955 3012 1293 3075 Epigramma
1324 3014 1538 3077 elegans

470 3085 527 3135 in
542 3085 765 3135 ‘Anthoh
782 3099 859 3134 iv·
879 3090 928 3135 6.
953 3086 1006 3134 in
1025 3089 1251 3150 pictores
1262 3095 1320 3138 et
1337 3097 1539 3139 statua-

473 3163 610 3212 rios:
649 3162 751 3210 Οὐκ
769 3198 778 3207 ,
795 3161 951 3221 ἀδαὴς.
983 3160 1164 3226 ἔγραψε
1203 3162 1363 3225 Κίμων
1402 3162 1536 3214 τάδε·

472 3237 616 3287 παντὶ
647 3239 688 3286 δ’
724 3239 796 3286 ἐπ’
827 3238 951 3303 ἔργῳ
984 3243 1171 3301 Μῶμος,
1205 3240 1260 3289 δν
1291 3240 1387 3291 οὐδ’
1416 3241 1539 3304 ἥρως
1581 3266 1585 3271 ·

473 3314 713 3365 Δαίδαλος
745 3315 986 3377 ἐξέφυγεν.
1053 3318 1161 3366 Ista
1186 3318 1357 3366 Cimon
1375 3319 1539 3381 pinxit

474 3391 668 3439 minime
695 3392 831 3439 rudis
847 3408 864 3439 .·
903 3407 1034 3440 omne
1063 3394 1145 3440 sed
1164 3399 1236 3442 est
1257 3395 1339 3456 qui
1365 3396 1537 3456 culpet

473 3480 617 3528 opus:
639 3480 723 3514 nec
743 3472 819 3527 tu,
842 3467 1060 3520 Daedale,
1081 3467 1200 3516 liber
1215 3482 1339 3518 eros.
1375 3466 1531 3530 Apud

474 3541 730 3602 AElidnnm
765 3542 891 3591 Var.
922 3542 1063 3592 Hist.
1095 3556 1222 3592 vui.
1255 3549 1332 3593 18.
1357 3544 1535 3594 lauda·

470 3620 751 3669 tui-Conon¹
764 3618 1036 3668 Cleonaeus
1054 3620 1255 3683 pictor:
1278 3618 1417 3670 forte
1442 3636 1535 3685 pro

473 3697 663 3747 Cimon.
1318 3738 1325 3743 .
1453 3704 1463 3721 '

472 3796 483 3819 a
535 3783 558 3817 1
580 3774 685 3823 Hic
700 3773 1017 3839 catagrapha]
1041 3776 1174 3827 Quoe
1191 3790 1220 3824 a
1233 3775 1399 3825 latere
1418 3789 1526 3824 cer·

470 3859 669 3902 nuntur
709 3851 982 3913 imagines:
1029 3857 1087 3900 ut
1129 3858 1313 3913 rectae,
1345 3865 1458 3915 qnae
1499 3865 1532 3899 a

469 3927 658 3976 fronte.
695 3928 995 3989 Desfigares
1010 3929 1068 3977 dc
1083 3928 1242 3991 profit.
1279 3927 1436 3977 Aliud
1452 3935 1534 3977 est

468 4006 485 4032 ⁴
503 4003 850 4064 catagraphon
881 4002 1063 4060 liuon‚·'
1104 4004 1242 4065 apud
1270 4003 1531 4052 Catullum

473 4079 643 4128 Carm.
667 4091 799 4126 xxv.
823 4085 907 4127 est
927 4079 1064 4127 enim
1086 4077 1156 4127 ibi
1176 4080 1532 4128 linteumtan·

473 4161 584 4203 tum
605 4153 794 4202 ovariis
818 4152 992 4216 figuris
1012 4154 1279 4217 notatum,
1304 4164 1531 4204 textum·

473 4244 573 4297 qne
597 4246 611 4280 z
659 4230 900 4295 quoniam
947 4230 1149 4296 Graccis
1205 4229 1532 4295 καταγράφειν

1621 2782 1901 2833 Athenaeus
1935 2783 2024 2832 lib.
2063 2795 2143 2832 lx.
2176 2796 2294 2845 pag.
2331 2784 2447 2831 887.
2480 2785 2683 2843 attage-

1619 2872 1738 2906 nem
1784 2860 1858 2907 ait
1890 2870 2004 2906 esse
2038 2853 2346 2918 κατέγραφον
2379 2853 2444 2902 τὰ
2481 2852 2587 2918 περὶ
2624 2852 2682 2901 τὸ

1617 2936 1782 2983 νῶτον.
1849 2933 2071 2984 Pictura
2112 2931 2379 2995 Antigoni,
2413 2945 2532 2994 qnae
2572 2929 2681 2978 vul·

1619 3016 1729 3058 tum
1762 3010 1930 3059 latere
1974 3015 2175 3057 tantum
2209 3020 2312 3055 nno
2347 3004 2681 3067 ostendebat,

1621 3099 1741 3134 vere
1781 3083 1992 3148 obliqua
2026 3091 2082 3134 et
2114 3080 2422 3145 κατάγραφος
2459 3080 2582 3145 fnit,
2621 3087 2680 3133 ut

1619 3159 1823 3209 dicetur
1843 3172 1957 3223 cap.
1980 3163 2062 3208 36.
2331 3204 2336 3207 ,
2379 3186 2386 3193 2

1682 3245 1703 3270 ²
1733 3237 1978 3285 Pcnoenns
1998 3233 2208 3297 quidem]
2253 3234 2409 3283 Hanc
2431 3233 2547 3296 ejus
2572 3234 2679 3297 pic·

1620 3319 1788 3362 turam
1824 3313 1877 3361 in
1911 3311 2109 3361 Poecile
2139 3311 2342 3374 porticu
2372 3309 2679 3359 Atheniensi

1617 3390 1941 3450 collocatam,
1963 3403 2027 3436 ex
2055 3386 2316 3436 Pausania
2356 3387 2513 3449 paulo
2554 3393 2676 3435 ante

1618 3467 1855 3515 vidimus.
1923 3465 2076 3513 Unde
2100 3464 2189 3512 illa
2211 3463 2477 3526 appellata
2491 3462 2676 3512 Persio

1614 3543 1727 3592 Sat.
1752 3554 1837 3590 ιιι.
1871 3547 1887 3570 ⁸
1904 3540 2177 3589 Braccatis
2199 3538 2331 3588 illita
2348 3538 2522 3588 Medis
2546 3538 2678 3587 Por·

1618 3615 1787 3667 tiens!
1852 3616 2083 3666 Similem
2112 3621 2169 3663 et
2190 3613 2263 3663 ibi
2289 3615 2550 3676 picturam
2576 3615 2676 3664 Po·

1613 3693 1830 3758 lygnoti,
1874 3692 1985 3740 sive
2028 3690 2271 3751 Miconis,
2303 3690 2525 3752 positam
2559 3702 2675 3739 esse

1611 3769 1769 3818 refert
1805 3766 2036 3817 AElianns
2073 3765 2212 3815 Hist.
2246 3764 2419 3817 Anim.
2458 3778 2561 3814 vu.
2592 3760 2678 3815 410²

1611 3845 1704 3894 sed
1729 3844 2011 3906 Polygnoti
2040 3840 2219 3903 fuisse,
2247 3849 2431 3890 auctor
2461 3850 2546 3892 est
2563 3841 2677 3891 Sui·

1614 3923 1728 3981 das,
1752 3920 1912 3970 verbo
1934 3917 2155 3975 Ποικίλη.

1623 4026 1628 4035 -
1677 4006 1700 4032 ⁸
1731 3997 1876 4060 Apud
1910 3993 2227 4056 Marathona]
2283 3993 2507 4043 Boeotiae
2530 3993 2677 4056 oppi-

1612 4076 1751 4129 dum,
1797 4072 1885 4121 ubi
1922 4076 2161 4139 trecenta
2195 4069 2474 4117 Persarum
2515 4069 2673 4119 millia

1612 4151 1843 4208 devicta,
1864 4160 1998 4196 anno
2022 4146 2181 4195 tertio
2203 4142 2416 4207 Olymp.
2434 4157 2614 4194 Lxxn.

1621 4260 1626 4269 ·
1676 4226 1698 4262 ὓ
1734 4226 1947 4277 leonicos
1967 4222 2131 4287 duces]
2155 4222 2309 4285 -Sive,
2331 4214 2558 4273 iconicas
2582 4221 2670 4271 du·
