3000 4917
528 373 708 440 4740
1271 386 1335 434 c.
1379 382 1630 433 remu
1672 378 2008 433 suenum

529 536 647 622 qui
688 538 913 617 gentes
960 539 1032 597 et
1072 551 1270 612 regna
1300 527 1638 608 diribet‚⁸¹’
1668 529 1827 614 jura
1852 529 2143 595 externis
2174 530 2402 609 mittit,
2433 529 2735 597 Deorum

526 638 839 722 quaedam
879 635 1350 700 immortalium
1388 632 1617 716 generi
1654 629 1989 697 humano‘*
2030 632 2277 716 portio,
2309 632 2375 696 in
2421 633 2735 699 machina

526 724 850 825 pendens,
882 744 948 803 et
978 737 1062 801 ad
1095 737 1458 820 periculum
1490 740 1765 799 suum40
1793 733 2142 818 plaudens.
2232 733 2414 822 Qum
2460 732 2737 800 vilitas³

529 844 896 908 animarum
943 841 1192 905 istal4¹
1248 846 1366 904 aut
1416 859 1569 922 quae
1622 838 1896 922 querela
1944 837 2028 902 de
2075 837 2368 904 Cannis!
2416 845 2735 922 quantum

526 946 687 1009 mali
734 943 952 1028 potuit
995 942 1300 1007 accidere
1334 941 1349 1005 Ξ
1442 939 1720 1005 Hauriri
1763 940 1961 1004 urbes
1998 944 2186 1005 terrae
2214 941 2539 1019 hiatibus,
2569 941 2732 1024 pub-

525 1047 703 1111 licus
745 1044 1123 1111 mortalium
1163 1044 1352 1108 dolor
1394 1048 1523 1107 est.
1611 1040 1797 1106 Ecce
1841 1041 2141 1126 populus
2181 1042 2539 1108 Romanus
2584 1042 2734 1105 uni-

526 1165 783 1226 versus,
832 1149 1016 1213 velut
1060 1147 1324 1212 duobus
1365 1144 1655 1228 navigiis
1698 1145 2078 1228 impositus,
2125 1145 2303 1211 binis
2345 1145 2735 1210 cardinibus

526 1251 906 1326 sustinetur,
935 1253 1002 1314 et
1031 1269 1106 1313 se
1137 1250 1356 1332 ipsum
1386 1248 1878 1331 depugnantem
1910 1253 2200 1329 spectat,
2225 1248 2571 1331 periturus
2590 1263 2733 1309 mo·

523 1359 748 1418 mento
793 1351 1016 1434 aliquo
1059 1351 1313 1415 luxatis
1355 1347 1722 1413 machinis:
1765 1354 1835 1411 et
1860 1367 1979 1431 per
2005 1349 2130 1414 hoc
2163 1349 2482 1434 quaeritur
2509 1349 2578 1413 in
2623 1349 2734 1412 tri-
2824 1385 2833 1394 -

524 1454 890 1540 buniciis4²
935 1455 1364 1518 concionibus
1412 1452 1643 1536 gratia,
1686 1456 1763 1514 ut
1807 1452 2100 1534 pensiles
2146 1453 2356 1517 tribus
2398 1451 2732 1516 faceret.4³

527 1554 854 1635 Qualis⁴4
895 1556 1005 1621 hic
1054 1557 1123 1619 in
1172 1554 1519 1619 Rostrisi⁶
1607 1550 1797 1631 Quid
1840 1572 1976 1618 non
2022 1572 2311 1618 ausurus
2351 1552 2542 1638 apud
2583 1570 2731 1629 eos,

525 1659 772 1743 quibus
816 1657 948 1721 hoc
992 1656 1444 1740 persuaserit!
1531 1654 1718 1719 Vera
1755 1674 2047 1738 namque
2091 1654 2569 1721 confitentibus
2609 1672 2734 1737 po·

525 1760 730 1842 pulus
779 1759 1123 1824 Romanus
1175 1757 1437 1821 funebri
1487 1774 1757 1819 munere
1804 1757 1893 1821 ad
1940 1758 2269 1822 tumulum
2309 1758 2533 1842 patris
2574 1755 2729 1839 ejus

524 1861 928 1944 depugnavit
955 1863 1320 1926 universus.
1395 1858 1709 1923 Variavit
1737 1858 1912 1923 hanc
1939 1879 2132 1925 suam
2164 1859 2728 1942 magnificentiam

522 1961 724 2027 fessis
742 1969 841 2011 ⁸⁴⁵
878 1964 1287 2046 turbatisque
1317 1960 1719 2038 cardinibus,
1750 1966 1819 2023 et
1846 1961 2310 2046 amphitheatri
2339 1961 2559 2027 forma·
2579 1979 2730 2026 cus-

588 2165 606 2194 ⁸
636 2162 928 2227 Distribuit,
952 2163 1144 2213 dividit.
1335 2207 1340 2213 .
1427 2170 1456 2194 ¹·
1491 2161 1708 2212 Pondere
1723 2162 1871 2211 totius
1890 2162 2140 2212 machine.

1439 2305 1805 2327 &oeconomo

522 2421 754 2478 Deorum,
767 2423 983 2486 &cu—40
1007 2421 1023 2450 ‘
1045 2422 1128 2471 Ita
1149 2422 1282 2472 bene
1298 2421 1451 2472 codd.
1476 2424 1641 2487 Regg.
1663 2428 1721 2473 et
1738 2423 1915 2473 Editio
1975 2418 2221 2483 riuceps!
2242 2421 2463 2471 Brotier.
2497 2421 2527 2471 1
2533 2429 2590 2473 ta
2605 2437 2725 2488 quo·

524 2501 625 2548 que
648 2486 767 2535 edd.
792 2494 923 2536 vett.
949 2493 1005 2537 et
1028 2487 1264 2537 Gronov.
1327 2490 1550 2552 pendens,
1571 2491 1635 2538 ad
1657 2503 1709 2551 p.
1731 2504 1867 2538 suum
1962 2487 2167 2537 arduin.
2195 2490 2241 2535 1.
2274 2490 2324 2535 2.
2347 2490 2397 2535 8.
2422 2494 2479 2536 et
2503 2497 2725 2538 receutt.

520 2554 650 2600 ——41
690 2551 827 2606 Quod
846 2552 942 2600 vile
971 2551 1106 2611 nefas
1125 2552 1391 2601 animm-tm
1411 2554 1614 2602 uturum
1637 2553 1755 2605 cod.
1781 2554 2100 2603 Dialem—42
2134 2550 2223 2601 Ita
2244 2550 2508 2601 Harduin.
2541 2557 2590 2601 l.
2614 2558 2661 2603 2.
2681 2558 2728 2603 3.

521 2621 579 2663 et
595 2622 818 2664 recenti.
864 2624 909 2666 et
936 2629 1021 2678 per
1041 2616 1127 2665 hoc
1145 2619 1379 2679 queritur
1399 2618 1667 2668 tribunitiis
1688 2618 1915 2667 Gronov.
1931 2622 1987 2668 et
2007 2618 2072 2666 ai.
2098 2623 2227 2666 vett.
2271 2616 2455 2665 laxatis
2473 2618 2724 2668 machinis.

521 2679 644 2730 Fuit
668 2680 865 2729 Curioni
886 2694 974 2740 per
994 2679 1079 2729 Ιιοι·
1109 2683 1161 2729 in
1182 2680 1449 2731 tribunitiis
1470 2682 1587 2732 cod.
1611 2683 1923 2732 Belem—43
1964 2683 1979 2710 ‘
1998 2681 2065 2732 In
2084 2682 2214 2731 Msr.
2238 2680 2369 2741 Reg.
2391 2687 2450 2730 et
2478 2682 2723 2732 Editiune

521 2743 758 2805 principe
782 2745 1043 2800 omissum.
1064 2743 1270 2803 faceret·
1335 2746 1388 2795 N
1393 2761 1453 2796 ec
1485 2746 1633 2796 nobis
1668 2748 1860 2810 placet.
1927 2746 2253 2796 Crediderim
2291 2744 2523 2795 Plinium
2563 2747 2726 2811 scrip-

521 2806 671 2868 sisse,
696 2813 750 2856 ut
769 2809 973 2870 pensiles
993 2809 1097 2857 sine
1118 2810 1290 2860 tribue.
1354 2811 1435 2860 ci.
1462 2811 1874 2874 Capperonnier,
1896 2812 1983 2875 qui
2005 2812 2141 2861 hunc
2164 2809 2324 2859 Plinii
2346 2810 2519 2860 locum
2545 2823 2724 2861 recen-

521 2872 644 2929 suit,
669 2880 724 2921 ut
749 2872 827 2922 Cl.
857 2873 924 2921 de
948 2874 1139 2936 Cnylus
1164 2873 1403 2924 Curionis
1434 2876 1692 2926 theatrum
1716 2877 2023 2931 illustraret,
2044 2875 2363 2935 emendavit,
2380 2877 2512 2938 apud
2526 2877 2726 2938 pen-ila

517 2935 688 2986 meu.
755 2938 888 2989 Quae
913 2938 1207 2988 emendatio
1228 2939 1383 3002 paulo
1407 2940 1656 2990 audacior
1688 2947 1790 3003 est,
1820 2955 1918 2991 nec
1950 2941 2078 2990 satis
2115 2945 2383 2990 accurata.
2454 2940 2596 2989 Vide
2617 2942 2722 2991 m-

517 3001 691 3049 unires
709 3002 769 3051 de
802 3000 1095 3052 l'Academie
1121 3004 1306 3068 Royan
1336 3005 1418 3054 det
1442 3005 1773 3069 Inscriptiom,
1804 3008 1950 3056 Tom.
1987 3018 2156 3058 xxm.
2183 3018 2303 3069 pag·
2325 3002 2464 3054 3⁷8!
2497 3005 2719 3057 Brotier.

1505 3168 1730 3222 NOTAE

517 3275 679 3326 retius
704 3290 765 3326 ιι.
789 3278 961 3328 Sin-7.
979 3284 1062 3330 68.
1095 3279 1113 3309 ‘
1135 3281 1275 3333 Quid
1299 3280 1480 3345 refert,
1497 3285 1576 3333 uri

1657 3285 1890 3335 Deorum
1927 3298 2041 3334 esse
2080 3283 2304 3332 humano
2340 3281 2523 3345 generi
2562 3283 2718 3333 Sena-

514 3352 692 3415 virgis,
749 3351 994 3419 ferroque
1039 3357 1217 3407 necari
1260 3356 1577 3410 Auctoratus
1658 3369 1767 3412 tum
1794 3363 2145 3425 populumque
2162 3360 2471 3421 Romanum,
2486 3360 2579 3423 qui
2602 3374 2718 3422 gen·

516 3429 669 3477 ees?’

579 3505 605 3539 ¹²
637 3513 653 3534 ‘
676 3506 851 3567 Regna
891 3507 1092 3572 diribet]
1137 3510 1224 3559 Ita
1262 3510 1475 3574 legimus
1518 3511 1574 3562 in

512 3582 735 3634 nummis
759 3584 969 3647 Traiani
992 3584 1128 3649 Imp.
1161 3599 1352 3635 unctui
1382 3599 1571 3637 susto-

513 3671 696 3708 uuu:
732 3666 805 3722 et,
836 3672 947 3710 nux
976 3674 1215 3712 nuruis
1243 3674 1440 3712 rin-vs.
1507 3663 1571 3713 In

514 3735 734 3784 nummis
750 3734 1003 3785 Antonini
1029 3737 1111 3788 Pii
1130 3753 1145 3787 ε
1167 3750 1279 3788 unx
1296 3750 1570 3788 mucuns

510 3823 705 3874 navit,
738 3822 792 3861 et
830 3826 946 3861 nex
982 3825 1185 3866 cums
1217 3813 1440 3863 nni-vs!
1473 3816 1570 3864 Ed.

509 3901 604 3936 sec.

576 3971 598 3997 0
636 3964 815 4013 Generi
848 3964 1072 4028 humano]
1116 3965 1246 4028 Reg.
1282 3971 1331 4016 2.
1376 3981 1569 4028 genere.

511 4037 694 4087 Malim
719 4053 834 4102 ego,
854 4042 1076 4102 repetitu
1095 4055 1123 4090 e
1147 4043 1416 4105 superiore
1440 4056 1569 4092 voce

511 4113 717 4163 literula
740 4130 804 4177 m,
824 4115 1144 4181 divulsaque,
1165 4118 1284 4181 legi,
1315 4117 1366 4166 in
1394 4133 1571 4181 genere

508 4188 730 4239 humano.
803 4191 1029 4241 Defendi
1064 4200 1231 4242 tamen
1270 4202 1324 4244 et
1362 4197 1571 4257 vulgata

510 4266 669 4317 lectio
693 4272 887 4331 potest,
910 4275 969 4317 ut
1001 4268 1070 4317 sit
1105 4270 1378 4334 sententia,
1407 4271 1571 4321 instar

1657 3445 1736 3487 tes
1757 3445 1815 3488 et
1838 3451 1998 3501 regna
2022 3436 2234 3496 diribet,
2251 3438 2350 3484 dcc.

1720 3512 1745 3546 ‘¹
1782 3514 1904 3569 Quoe
1924 3510 2111 3573 vilitas]
2145 3509 2362 3560 Adeone
2387 3509 2507 3558 vilis
2541 3508 2716 3573 populi

1655 3589 1803 3638 Rom.
1847 3588 1955 3637 vita
2013 3586 2274 3643 videatur,
2328 3591 2388 3634 ut
2434 3585 2513 3633 sic
2558 3592 2714 3634 certae

1654 3663 1807 3714 morti
1833 3663 1991 3728 objici
2024 3663 2233 3727 impune
2267 3661 2463 3724 possit!
2501 3660 2624 3725 qnid
2647 3660 2713 3709 de

1654 3740 1913 3790 Cannensi
1951 3739 2099 3789 clade
2135 3737 2418 3802 querimur,
2456 3750 2578 3785 cum
2613 3750 2712 3785 mn-

1644 3814 1735 3878 jor
1765 3815 1850 3864 hic
1882 3814 2015 3871 fieri,
2038 3816 2214 3864 luxata
2235 3813 2492 3869 machina,
2515 3812 2706 3877 potuis·

1648 3891 1761 3940 set!
2102 3909 2107 3915 ·

1716 3975 1739 4001 ἓ
1776 3968 1946 4026 Qualis
1966 3968 2043 4017 hie
2061 3968 2116 4015 itt
2134 3966 2353 4029 Rostris]
2385 3965 2545 4015 Unde
2570 3965 2708 4014 nimi-

1652 4057 1765 4092 rum
1793 4043 2232 4107 concionabantur
2270 4041 2493 4091 Tribuni
2518 4042 2708 4092 Conm-

1649 4118 1832 4182 iesque
1857 4119 1922 4166 ad
1962 4118 2226 4181 populum.
2293 4116 2493 4182 Qualis,
2522 4115 2710 4180 inquit,

1649 4194 1731 4244 hic
1753 4191 1871 4256 fuit,
1892 4193 1980 4258 qui
2002 4192 2055 4242 id
2081 4194 2272 4258 populo
2309 4193 2459 4244 Rom.
2493 4205 2708 4257 persua·

1651 4268 1779 4319 serit
1804 4270 1854 4318 in
1878 4268 2156 4319 concione!
