3000 4917
474 396 649 462 4438
1202 357 1287 457 α’
1315 407 1491 458 PmN
1504 408 1562 456 11
1607 406 1936 458 saeuum

468 576 547 621 a·
574 551 961 619 censoribus
1012 551 1096 616 P.
1151 550 1463 617 Cornelio
1512 551 1855 635 Scipione,
1909 549 2010 615 Μ.
2057 551 2358 635 Popilio,
2407 556 2664 622 statuas

480 656 665 724 circa
708 652 978 730 Forum,
1018 671 1248 717 eorum
1280 652 1400 735 qui
1441 653 1909 733 magistratum
1941 659 2335 734 gesserunt‚¹
2365 654 2668 718 sublatae

476 773 733 831 omnes,
764 763 1010 837 praeter
1035 774 1152 819 eas
1181 774 1337 838 quae
1364 754 1607 836 populi
1636 759 1756 818 aut
1783 760 2059 818 senatus
2107 757 2424 820 sententia
2455 760 2672 822 statu-

481 863 841 922 teeessent.
927 855 1096 920 Eam
1127 873 1290 920 vero
1327 874 1531 938 quam
1572 855 1753 938 apud
1789 843 2008 921 eedem
2035 855 2369 920 ‘I'ellurisq
2399 858 2672 922 statuis·

470 964 585 1027 :set
611 958 744 1024 sibi
773 958 896 1040 Sp.
925 956 1229 1034 Cassiae,
1258 956 1377 1039 qui
1406 975 1683 1037 regnum
1724 955 2172 1032 affectaverat,
2192 957 2391 1021 etiam
2425 957 2672 1020 confla·-

483 1066 623 1124 tam
665 1077 709 1123 a
752 1059 1159 1126 censoribus.
1249 1057 1597 1126 Nimirum
1641 1058 1712 1121 in
1759 1076 1842 1121 ea
1886 1076 2160 1140 quoque
2203 1077 2273 1122 re
2320 1058 2674 1125 ambitioni

483 1160 930 1244 providebant
966 1161 1067 1226 illi
1111 1161 1255 1226 viri.
1343 1158 1601 1226 Extant
1630 1158 1911 1226 Catonis
1942 1160 2011 1224 in
2042 1179 2323 1224 censura
2351 1158 2675 1232 vocifera,-

485 1263 727 1339 tioneS‚
778 1261 1168 1325 mulieribus
1226 1259 1551 1324 Romanis
1601 1260 1671 1323 in
1733 1261 2102 1344 provinciis
2173 1269 2438 1326 statuas
2490 1262 2675 1344 poni.

487 1362 639 1429 Nec
668 1367 889 1428 tamen
918 1362 1138 1444 potuit
1163 1360 1477 1439 inhibere,
1509 1362 1869 1445 quominus
1890 1361 2132 1427 Romae
2162 1381 2436 1445 quoque
2465 1382 2674 1445 pone-

485 1472 729 1541 rentur,
753 1464 948 1528 sicuti
970 1460 1298 1527 Corneliae
1321 1462 1775 1528 Gracchorum
1798 1465 2018 1540 matri,
2041 1483 2196 1547 quae
2221 1462 2351 1527 fuit
2377 1461 2680 1529 Africani

488 1566 769 1650 prioris‘
797 1564 956 1642 filia.
1045 1564 1302 1628 Sedens
1328 1564 1486 1628 huic
1520 1564 1772 1647 posita,
1815 1565 2149 1648 soleisque
2184 1566 2330 1629 sine
2359 1572 2680 1650 amento}⁸

488 1651 793 1748 insignia,
820 1666 891 1730 in
915 1664 1182 1731 Metelli
1211 1666 1483 1749 publica
1513 1668 1811 1749 porticu:
1837 1686 1992 1751 quae
2025 1665 2447 1745 statua'nunc
2475 1674 2579 1731 est
2607 1666 2681 1735 in

491 1764 801 1831 Octaviae
831 1767 1174 1851 operibus.

581 1883 714 1933 XV.
760 1867 1044 1932 Publice
1073 1873 1296 1934 autem
1326 1872 1412 1935 ab
1442 1868 1688 1934 exteris
1715 1869 1943 1952 posita
1969 1873 2072 1931 est
2093 1865 2335 1931 Romae
2360 1863 2439 1931 C.
2459 1867 2684 1930 AElio⁸

491 1967 753 2033 tribuno
782 1969 1025 2053 plebis,
1061 1969 1212 2052 lege
1254 1974 1517 2054 perlata
1557 1971 1971 2036 in'Stenium
1993 1978 2012 2007 ¹
2047 1966 2431 2033 Statiliumb
2461 1968 2684 2034 Luca·

556 2156 582 2182 ⁸
613 2149 867 2201 Sinelon.

1405 2244 1462 2266 00
1467 2244 1672 2265 0000000
1677 2245 1765 2265 000

548 2357 695 2407 Cu.
712 2369 833 2406 xlv.
899 2362 924 2408 1
961 2357 1093 2409 Cod.
1113 2357 1300 2407 Dalec.
1322 2332 1637 2419 magistratus
1656 2362 1919 2418 gesserant.

559 2421 694 2473 Cu.
718 2434 815 2472 xv.
882 2426 908 2471 1
945 2423 1227 2487 Septimium
1243 2424 1358 2473 cod.
1378 2424 1562 2473 Dalec.
1617 2422 1867 2471 Sicanium
1886 2422 2114 2473 Gronov.
2131 2429 2185 2472 et
2203 2424 2271 2471 al.
2289 2431 2409 2473 ante
2429 2422 2696 2480 Harduin.

1368 2625 1373 2629 .
1477 2567 1697 2619 NOTAE

495 2665 677 2723 postea
710 2659 881 2709 ortum
914 2661 1063 2711 duxit
1101 2676 1186 2713 η.
1219 2677 1347 2713 1³01».
1380 2676 1549 2713 unro-

493 2745 715 2784 oeunvs.
747 2747 800 2783 ι».
832 2747 882 2783 r.
916 2748 1051 2785 avc.
1085 2744 1141 2785 et
1180 2738 1411 2802 ejusdem
1442 2737 1552 2786 filia

496 2808 724 2872 Helena,
751 2810 803 2859 iu
839 2825 1044 2860 nummo
1075 2821 1323 2877 argenteo
1345 2826 1552 2877 perraro

494 2886 773 2949 appellata,
825 2899 1068 2937 nunnus.
1112 2900 1167 2937 u.
1213 2901 1261 2937 ιτ.
1310 2895 1325 2917 ‘
1349 2887 1554 2937 Helena

497 2961 790 3024 Nepotiani
831 2960 971 3024 filia,’
1018 2963 1304 3029 alteraque,
1346 2976 1556 3014 ι-ἈνετΑ

494 3051 555 3087 w.
589 3050 642 3086 ιτ.
671 3039 898 3088 ‘Fausta
925 3039 1202 3102 Nepotiani
1237 3038 1380 3097 filia‚'
1415 3038 1556 3103 apud

497 3116 569 3165 1).
590 3113 887 3165 Baudelot!
921 3115 1016 3164 Ed.
1037 3129 1131 3163 sec.

561 3199 589 3235 (ι
619 3193 791 3241 AEdem
831 3190 1056 3254 Telluris]
1085 3191 1149 3240 In
1174 3196 1358 3255 quarta
1396 3190 1557 3241 Urbis

496 3268 710 3329 regione
740 3266 1012 3329 Templum
1044 3267 1264 3316 Telluris
1293 3281 1325 3315 a
1347 3266 1411 3316 Ρ.
1436 3266 1558 3315 Vic-

501 3351 614 3392 tore
638 3342 905 3392 statuitur.
939 3342 1022 3391 De
1042 3341 1136 3406 Sp.
1155 3342 1336 3392 Cassio
1358 3343 1556 3406 egimus

495 3430 615 3481 cap.
635 3419 686 3465 9.

563 3502 583 3528 ¹·
611 3493 837 3554 Africani
855 3492 1052 3557 prioris]
1083 3492 1338 3556 Scipionis
1354 3490 1557 3542 Africa·

499 3571 554 3620 ni
578 3569 786 3634 majoris
809 3571 961 3632 vulgo
982 3569 1128 3619 dicti.
1195 3568 1329 3618 Vide
1352 3569 1556 3620 Plutar-

501 3647 652 3696 chum
691 3645 743 3695 in
765 3645 1039 3703 Gracchis,
1068 3644 1183 3708 ipso
1217 3644 1469 3695 initio.—‘
1490 3646 1558 3696 In

501 3723 721 3772 nummis
738 3722 968 3787 antiquis
991 3737 1140 3771 casus
1157 3723 1383 3771 Gracchi
1400 3724 1559 3773 nomi·

501 3798 704 3847 nativus
747 3812 955 3860 semper
1004 3809 1249 3847 Gnaccvs
1303 3797 1562 3856 scribitur,

501 3889 605 3929 non
641 3885 953 3930 anacetus.
974 3874 1205 3937 quamvis
1244 3873 1380 3938 apud
1417 3875 1561 3925 Plut.

504 3949 715 4014 Γράκχος
737 3947 842 3997 sit-⁹
874 3950 968 3998 Ed.
987 3964 1080 3999 aec.

569 4034 592 4063 ⁸
628 4028 685 4077 C.
707 4024 863 4088 AElio]
896 4025 956 4075 C.
980 4025 1112 4075 AElio
1136 4027 1307 4089 Peto,
1337 4033 1393 4076 ut
1429 4027 1565 4077 arbi-

504 4110 632 4165 tror,
671 4101 721 4151 ei
745 4101 833 4164 qni
874 4109 1052 4163 postea
1084 4101 1420 4151 Consulatum
1444 4116 1560 4165 ges-

503 4181 592 4242 sit,
612 4192 746 4227 anno
778 4177 935 4230 Urbis
969 4178 1450 4229 concava-sic.
1473 4181 1563 4228 AE-

502 4260 590 4323 lio]
638 4257 721 4308 Ad
757 4271 981 4309 summos
1018 4265 1201 4320 postea
1228 4258 1563 4322 magistratus

1631 2668 1817 2711 evecta
1841 2677 1966 2721 gens
1989 2662 2120 2727 AElia
2153 2661 2287 2712 fnit:
2325 2678 2390 2712 ex
2414 2678 2518 2727 qua
2539 2664 2690 2714 nimi-

1631 2752 1743 2786 rum
1766 2737 1928 2786 AElius
1952 2738 2185 2801 Sejanus,
2223 2745 2279 2787 et
2315 2738 2478 2788 AElins
2512 2740 2693 2789 Nerva

1634 2814 1830 2872 Cesar,
1873 2814 1962 2876 qui
2004 2814 2057 2862 in
2101 2813 2291 2863 Graeco
2332 2829 2538 2863 nummo
2590 2822 2695 2870 est.

1631 2901 1765 2936 nunc
1803 2903 1834 2936 e
1877 2888 2021 2937 Gaza
2065 2890 2354 2947 Parmensi,
2387 2896 2593 2940 Altuoc
2626 2898 2692 2941 N.

1632 2969 1888 3013 KAchP=
1933 2964 2094 3014 Αἴλιος
2133 2969 2340 3028 Νερούεις
2376 2967 2597 3031 Καῖσαρε
2637 2959 2695 3029 et

1633 3040 1797 3092 AElius
1821 3041 2120 3090 Hadrianus
2143 3040 2429 3104 Augustus,
2450 3051 2506 3091 et
2530 3041 2695 3093 AElins

1636 3117 1815 3166 Cesar
1845 3116 2159 3181 Antoninus,
2196 3118 2405 3182 aliique.
2473 3120 2553 3169 Ex
2592 3117 2699 3169 affi-

1635 3192 1802 3242 nitate
1856 3208 1973 3243 cum
2026 3192 2316 3243 Caesaribus
2369 3193 2697 3246 nobilitatem

1635 3268 1827 3332 adepta
1848 3276 1927 3319 est
1941 3284 2040 3317 una
2058 3267 2252 3318 familia
2269 3283 2334 3318 ex
2356 3268 2490 3320 AElia
2504 3277 2663 3333 gente
2678 3288 2694 3320 z

1638 3359 1702 3393 ex
1750 3361 1854 3409 qua
1891 3359 1947 3394 se
1991 3345 2057 3395 ob
2101 3360 2216 3394 eam
2258 3359 2465 3395 causam
2508 3347 2701 3398 AElinm

1638 3421 1917 3486 Caesarem,
1948 3437 2051 3471 non
2074 3422 2260 3472 AElium
2300 3424 2609 3488 simpliciter
2642 3431 2700 3475 et

1637 3498 1887 3557 absolute,
1929 3499 2221 3550 Antoninus
2268 3500 2393 3551 Pius
2426 3501 2702 3567 appellat!

1635 3575 1734 3624 Ed.
1749 3591 1842 3625 sec.

1702 3649 1727 3683 ¹³
1758 3650 1977 3701 Staium
2015 3652 2287 3716 Statilium]
2321 3653 2548 3703 Statium
2578 3655 2702 3703 Sta·

1640 3728 1802 3794 tilinm
1844 3728 2089 3778 mendose
2129 3743 2223 3791 pro
2268 3730 2446 3783 Stenio
2487 3730 2703 3782 Statilio

1639 3812 1791 3853 vocat
1829 3805 2068 3855 Valerius
2108 3805 2252 3854 Max.
2283 3818 2321 3854 ι.
2356 3810 2406 3854 8.
2438 3810 2490 3855 6.
2535 3822 2588 3868 p·
2618 3811 2710 3864 6⁷.

1641 3879 1962 3929 Lucanorum
1988 3881 2388 3944 Brutiorumque
2424 3881 2612 3931 ducem
2648 3881 2705 3930 in

1640 3968 1705 4003 eo
1729 3954 1881 4010 bello,
1905 3971 2007 4019 quo
2044 3956 2232 4018 gemini
2256 3957 2435 4018 populi
2458 3958 2706 4014 Thurinae

1641 4030 1786 4080 urbis
1808 4033 2058 4094 petebant
2078 4031 2356 4082 excidium.
2389 4031 2546 4096 Apud
2562 4032 2708 4083 Gru·

1642 4113 1810 4155 terum
1833 4122 1886 4169 p.
1910 4120 2185 4157 Dcccxxx.
2237 4121 2488 4172 svalva,
2509 4116 2566 4161 et
2585 4122 2706 4167 περ,

1644 4195 1761 4246 MA,
1779 4196 1882 4234 non
1903 4196 2080 4234 smum
2090 4196 2192 4234 ivs.
2585 4199 2600 4210 ⁹
