3000 4917
524 371 697 439 4504
1250 387 1316 437 c.
1361 385 1601 434 unm
1650 384 1977 434 saeuum

539 560 546 567 ·
615 542 841 592 xmn.
880 525 1084 612 (κν.)
1125 526 1548 591 Metallorum
1595 526 1886 590 omnium
1915 542 2083 589 vena
2120 524 2275 588 ferri
2318 525 2703 608 largissima

526 635 650 691 est.
738 629 1114 693 Cantabriae
1169 629 1518 692 maritimae
1574 635 1787 711 parte,
1838 645 2039 710 quam
2098 625 2411 690 Oceanus
2457 627 2700 703 alluit‚¹

524 748 718 793 mons
746 735 1076 812 praerupte
1107 729 1313 805 altus,
1344 727 1727 792 incredibile
1768 728 1970 803 dictu,
1992 732 2168 791 totus
2194 745 2281 790 ex
2313 746 2400 791 ea
2426 729 2703 791 materie

525 837 654 906 est,
701 834 778 894 ut
824 831 893 894 in
939 829 1197 893 ambitu
1247 828 1501 893 Oceani
1545 827 1889 892 diximus.‘¹
1977 826 2252 891 Ferrum
2300 838 2706 893 accensum‘

526 931 684 1011 igni,
729 931 878 994 nisi.
904 930 1175 994 duretur
1218 930 1485 1004 ictibuS,
1530 930 1989 1010 corrumpitur.
2078 927 2358 992 Rubens
2378 935 2401 962 ⁸
2439 947 2575 992 non
2606 934 2710 991 est

524 1032 749 1096 habile
777 1030 1138 1108 tundendo,
1166 1049 1386 1113 neque
1411 1034 1756 1112 antequam
1787 1029 2125 1092 albescere
2156 1028 2449 1110 incipiat.
2529 1026 2710 1092 Ace-

526 1139 601 1195 to
632 1138 789 1196 aut²
831 1132 1120 1196 alumine
1151 1130 1392 1194 illitum
1420 1127 1496 1192 fit
1538 1131 1659 1193 aeri
1688 1129 1931 1193 simile.
2020 1129 2085 1192 A
2111 1129 2409 1210 rubigine
2427 1129 2447 1164 ‘
2489 1129 2706 1193 vindi-

524 1239 717 1296 catur
758 1250 1051 1308 cerussa,
1095 1239 1166 1298 et
1202 1249 1440 1314 gypso,
1469 1235 1540 1294 et
1567 1228 1823 1313 liquida
1850 1232 2027 1314 pice.
2117 1230 2295 1295 Haec
2318 1235 2425 1294 est
2453 1237 2708 1313 tempe-

522 1339 747 1397 ratura
802 1352 844 1397 a
902 1331 1161 1397 Graecis
1221 1330 1593 1413 antipathia
1610 1337 1632 1378 ³
1649 1337 1680 1365 ¹¹
1720 1330 1924 1397 dicta.
2013 1331 2261 1397 Ferunt
2308 1330 2607 1414 quidam·
2641 1337 2709 1395 et

521 1433 839 1515 religione
894 1433 1190 1517 quadam
1245 1429 1315 1494 id
1368 1429 1536 1498 fieri.
1622 1430 1715 1494 Et
1761 1435 1992 1496 extare
2049 1429 2336 1495 ferream
2394 1436 2707 1495 catenam

523 1534 707 1616 apud
735 1534 1144 1617 Euphratem
1175 1551 1456 1609 amnem,
1484 1532 1553 1595 in
1583 1533 1742 1596 urbe
1770 1551 1926 1615 quae
1966 1531 2276 1613 Zeugma
2302 1532 2704 1615 appellatur,

524 1652 663 1715 qua
689 1633 1073 1699 Alexander
1087 1642 1116 1667 V
1161 1633 1452 1715 Magnus
1500 1633 1601 1696 ibi
1638 1633 1951 1717 'junxerat
1966 1638 1997 1680 ⁴
2035 1639 2332 1715 pontem,
2363 1635 2559 1715 cujus
2592 1652 2705 1698 an-

524 1737 740 1814 nuloS,
786 1738 903 1819 qui
942 1737 1174 1801 refecti
1228 1740 1407 1811 sunt,
1448 1735 1751 1817 rubigine
1794 1734 2152 1811 infestari,'
2194 1736 2564 1800 carentibus
2625 1754 2710 1800 ea

428 1907 436 1915 ,
523 1837 879 1918 prioribus·

613 1955 827 2002 XLIV.
873 1937 1221 2002 Medicina
1249 1957 1288 2001 e
1315 1937 1484 2001 ferro
1505 1944 1615 2000 est
1632 1943 1700 2001 et
1714 1938 1873 2015 alia,
1892 1956 2093 2019 quam
2114 1938 2409 2001 secandi.
2497 1936 2710 2001 Nam·

526 2056 662 2120 que
706 2038 1161 2102 circumscribi
1209 2037 1546 2114 circulos,¹
1591 2042 1776 2101 terve
1825 2039 2222 2102 circumlato
2274 2057 2610 2114 mucrone,
2640 2047 2712 2102 et

527 2139 773 2202 adultis
803 2145 869 2202 et
895 2138 1261 2203 infantibus
1289 2138 1566 2221 prodest
1594 2144 1823 2203 contra
1851 2140 2056 2204 noxia
2079 2138 2599 2204 medicamenta:
2644 2148 2714 2204 et

526 2238 903 2320 praefixisse
933 2240 1001 2302 in
1030 2239 1255 2302 limine
1300 2258 1340 2300 e
1385 2236 1695 2320 sepulcro
1741 2239 2016 2303 evulsos
2059 2240 2343 2303 clavos²
2386 2241 2708 2304 adversus

524 2345 881 2403 nocturnas
926 2338 1467 2422 lymphationes.⁸
1552 2337 1902 2421 Pungique
1941 2339 2177 2404 leviter
2204 2359 2546 2416 mucrone,
2573 2360 2710 2423 quo

524 2457 888 2520 percussus
936 2440 1133 2503 homo
1182 2440 1288 2515 sit,
1333 2444 1564 2502 contra
1613 2438 1876 2503 dolores
1920 2439 2194 2504 laterum
2239 2446 2711 2523 pectorumque

529 2540 842 2617 subitoS‚³
888 2541 1004 2622 qui
1053 2541 1479 2623 punctionem
1536 2538 1832 2604 afferant.
1919 2538 2249 2618 Quaedam
2293 2542 2556 2606 ustione
2602 2559 2711 2604 sa·

1431 2716 1520 2738 000
1525 2716 1793 2739 oeemeee

594 2846 726 2896 cn.
751 2860 909 2896 xmu.
976 2854 1001 2897 1
1039 2846 1168 2897 Cod.
1188 2848 1375 2897 Dalec.
1394 2848 1639 2899 nvitun·
1655 2864 1709 2912 p.
1728 2865 1868 2912 qm
1891 2850 1954 2900 0.
1976 2849 2127 2899 ambit
2142 2865 2162 2906 ,·
2196 2848 2262 2898 ai.
2299 2862 2386 2911 ap.
2422 2848 2580 2897 eund.
2619 2865 2712 2911 qua

534 2913 769 2960 Oceanum
788 2913 1052 2962 arabia—2
1086 2912 1215 2962 Cod.
1240 2913 1423 2961 Dalee.
1444 2917 1610 2962 (πῂ-8
1643 2914 1771 2963 Vet.
1796 2914 1979 2964 Dalec.
1999 2913 2243 2962 antiades.-
2276 2911 2308 2971 ἦ
2343 2914 2412 2976 τῷ
2431 2912 2486 2973 ἶῷ
2503 2914 2712 2964 ἐναντία.

527 2979 624 3023 -4
640 2975 723 3024 Ita
746 2988 810 3023 ex
827 2976 979 3025 codd.
996 2976 1295 3026 Harduinns
1312 2983 1367 3025 et
1379 2984 1603 3026 recentt.
1653 2977 1863 3027 vinxerit
1879 2974 2044 3027 chiffl.
2084 2977 2383 3038 conjunxerit
2395 2977 2517 3026 cod.
2530 2979 2712 3028 Daiec.

529 3040 757 3089 vinxerat
776 3041 1005 3090 Gronov.
1028 3049 1085 3090 et
1105 3042 1274 3107 vulgg.

594 3104 731 3154 Cu».
754 3117 906 3154 xuv.
975 3110 1000 3155 1
1038 3105 1157 3155 Vet.
1187 3106 1372 3155 unice.
1409 3105 1551 3155 renel
1576 3104 1867 3156 circula—2
1896 3103 2035 3167 eod.
2067 3103 2248 3153 Dalec.
2266 3104 2469 3169 proefixo
2497 3106 2661 3155 limine
2682 3121 2712 3154 a

1509 3264 1727 3316 No'rAE

595 3382 620 3416 ‘¹
650 3376 720 3424 Ut
732 3376 786 3424 in
804 3376 986 3425 ambitu
1009 3377 1187 3427 Οοεωιι·
1197 3378 1433 3442 diximus]
1459 3377 1580 3427 Lib.
1702 3385 1738 3441 ᾖ·
1770 3375 2080 3439 Antipoethiu]
2125 3375 2444 3437 'Arra-docta,
2480 3376 2559 3425 vis
2593 3390 2713 3426 con·

530 3461 610 3497 ιν.
628 3463 674 3497 c.
695 3453 778 3498 34.
797 3450 849 3497 in
864 3449 985 3499 fine.
1107 3458 1118 3465 ·
1655 3452 1818 3501 traria
1840 3465 2033 3508 rerum,
2069 3452 2319 3500 naturalis
2356 3466 2530 3500 rerum
2567 3450 2711 3501 diffe-

594 3531 615 3556 ¹
646 3523 849 3573 Ferrum
882 3525 1144 3589 aerenum]
1181 3524 1265 3575 Ab
1298 3524 1380 3574 his
1408 3524 1583 3575 verbis
1653 3527 1847 3588 tentia,
1866 3526 2257 3592 dissidiumque,
2293 3533 2351 3576 ut
2383 3527 2520 3576 inter
2541 3528 2711 3592 ignem

530 3598 759 3649 Pliniaui
781 3600 1008 3650 editores
1030 3615 1217 3652 novum
1236 3608 1396 3666 caput
1410 3602 1583 3666 suspi—
1661 3609 1717 3652 et
1737 3617 1939 3667 aquam.

533 3676 659 3739 cati,
682 3676 892 3725 titulum
929 3678 1207 3741 scripsere,
1242 3676 1324 3727 De
1353 3682 1584 3739 tempera·
1724 3685 1748 3711 v
1777 3678 2074 3741 Alexander]
2105 3676 2241 3727 Vide
2264 3692 2379 3742 quae
2410 3677 2637 3729 diximus
2662 3695 2714 3728 v.

461 3782 462 3785 κ
531 3755 641 3799 turn
651 3748 798 3814 ferri,
817 3765 970 3816 quem
994 3750 1193 3815 praeflgi
1222 3757 1464 3813 oportere
1498 3765 1584 3800 ca·
1661 3759 1746 3805 21.
2536 3813 2541 3817 ,

530 3824 638 3888 pite
679 3838 793 3875 xm.
824 3833 879 3876 et
901 3832 1281 3889 argumentum,
1302 3831 1357 3875 et
1392 3825 1586 3874 Plinia·
1727 3837 1759 3863 ν
1793 3831 2049 3894 Ῑηΐεσέανί]
2104 3829 2469 3893 Subiutellige,
2520 3830 2717 3892 ferunt,

534 3915 631 3949 nus
655 3901 841 3966 Index,
860 3917 1011 3966 quem
1053 3902 1327 3966 edidimus,
1370 3901 1585 3953 indicat.
1662 3919 1727 3955 ex
1751 3905 2199 3956 antecedentibus·

533 3979 727 4027 Locum
774 3978 909 4027 hunc
951 3994 1103 4043 porro
1147 3978 1365 4028 totidem
1413 3978 1584 4028 verbis
1729 3989 1754 4016 ⁸
1798 3980 2189 4046 Lymphctiones]
2258 3980 2337 4028 De
2391 3980 2719 4043 lymphaticis

534 4052 764 4102 Isidorus
787 4054 1059 4117 exscripsit
1082 4055 1228 4118 Orig.
1250 4067 1368 4103 xvr.
1387 4057 1468 4105 20.
1663 4057 1861 4120 egimus
1896 4071 2033 4108 xxv.
2071 4061 2153 4106 24.
2217 4056 2330 4105 Hos
2363 4056 2522 4104 etiam
2562 4065 2720 4107 noctu

597 4137 616 4162 ⁸
649 4128 863 4191 nubem]
898 4130 1127 4180 Isidorus
1147 4132 1249 4180 loc.
1270 4131 1362 4181 cit.
1666 4132 1941 4195 exagitari,
1967 4131 2248 4195 antiquitas
2291 4129 2546 4180 eredidit:
2579 4133 2717 4182 unde

600 4206 619 4239 ‘
648 4204 695 4254 A
710 4205 952 4269 rubigine]
984 4205 1214 4256 Isidorus
1238 4206 1334 4256 loc.
1353 4206 1444 4255 cit.
1666 4206 1982 4270 νυμφοληψίαι
2003 4203 2262 4270 νυκτεριναὶ
2283 4206 2575 4269 appellate.
