3000 4917
875 353 1304 404 NA'r.·n1s'r.
1353 356 1505 404 mn.
1556 355 1810 404 xxxv.
1854 327 1962 406 47ss
2350 341 2523 408 4641

309 497 489 583 jecit
540 499 726 582 gravi
779 496 1100 582 probro‚‘¹·
1142 504 1467 583 tanquam
1490 509 1541 549 ¹⁷
1589 507 1661 566 et
1712 502 1864 584 ipse
1903 503 2048 585 Jam
2099 505 2253 566 tunc
2309 502 2528 567 eidem

317 601 608 665 Vitellio
657 601 1112 666 malediceret.
1201 599 1392 679 Quid
1447 621 1579 664 non
1633 603 2052 684 excogitavit
2089 605 2249 667 ars?
2296 602 2529 669 fractis

320 704 530 767 etiam
561 703 755 768 testis
779 701 1027 767 utendo
1058 705 1183 781 sic,
1214 712 1288 768 ut
1317 703 1571 768 firmius
1595 704 1829 770 durent
1860 706 2024 769 tusis
2063 706 2247 770 calce
2277 705 2528 782 addita,

315 823 473 887 quae
505 811 758 868 vocant
799 805 1125 887 Signina.0
1216 804 1376 884 Quo
1408 825 1644 888 genere
1676 807 1879 872 etiam
1909 808 2297 890 pavimenta
2320 828 2522 893 exco-

316 904 578 987 gitavit.
901 930 904 932 ’

411 1025 671 1075 xnvn.
715 1006 973 1094 (x111.)
1010 1007 1266 1081 Verum
1316 1014 1385 1074 et
1437 1009 1656 1091 ipsius
1705 1014 1897 1076 terrae
1945 1015 2100 1075 sunt
2152 1012 2290 1077 alia
2340 1032 2527 1077 com-

319 1119 596 1176 menta.¹
621 1107 643 1146 f
728 1109 903 1189 Quis
952 1112 1130 1174 enim
1174 1112 1344 1174 satis
1368 1117 1395 1156 ὃ
1439 1111 1712 1176 miretur
1756 1113 2123 1194 pessimam
2175 1115 2327 1198 ejus
2374 1136 2527 1198 par·-

319 1221 484 1292 tem,
522 1209 812 1295 ideoque
847 1209 1232 1296 pulveremh
1278 1213 1693 1296 appellatum
1719 1220 1745 1249 ²
1790 1215 1855 1279 in
1910 1201 2295 1280 Puteolanis
2340 1218 2531 1293 colli-e

319 1315 474 1386 bus,
533 1314 788 1398 opponi
847 1315 1051 1377 maris
1109 1315 1468 1378 fluctibus:
1534 1334 1963 1397 mersumque
2025 1318 2327 1399 protinus
2383 1318 2531 1384 fieri

317 1416 619 1499 lapidem
646 1435 849 1480 unum
877 1416 1466 1499 inexpugnabilem
1501 1418 1721 1495 nudie,
1749 1426 1816 1481 et
1843 1418 2178 1482 fortiorem
2206 1421 2531 1502 quotidie,

320 1518 558 1602 utique
590 1520 647 1583 si
686 1517 992 1582 Cumano
1019 1518 1388 1582 misceatur
1417 1520 1789 1584 coemento?
1814 1528 1834 1566 ³

410 1620 672 1687 Eadem
719 1629 826 1686 est
871 1627 1059 1686 terrae
1100 1629 1342 1686 natura
1372 1628 1439 1686 et
1466 1623 1535 1686 in
1569 1622 1896 1707 Cyzicena
1924 1623 2240 1706 regione:
2287 1625 2404 1689 sed
2436 1625 2533 1690 ibi

1230 1802 1598 1823 “OQM“

322 1907 386 1953 17
422 1901 554 1952 Cod.
579 1901 762 1960 Dalec,
795 1903 1011 1966 quoniam
1027 1917 1049 1960 ‚⁸
1084 1902 1210 1952 Vet.
1235 1903 1423 1953 Dalec.
1462 1919 1747 1968 quanquam.

386 1968 526 2017 CAP.
553 1980 730 2017 xtvn.
798 1971 822 2016 1
868 1969 953 2017 lta
976 1967 1129 2016 codd.
1169 1969 1426 2017 Harduini
1454 1977 1511 2017 et
1536 1970 1720 2019 Dalec.
1746 1985 1861 2019 cum
1904 1970 2023 2020 edd.
2061 1970 2318 2020 Harduin.
2344 1973 2454 2020 1.2.
2482 1975 2530 2020 3.

321 2041 381 2081 et
417 2039 643 2083 recentt.
709 2034 953 2094 segmenta
973 2033 1093 2082 edd.
1120 2040 1250 2083 vett.
1283 2044 1338 2081 et
1362 2033 1697 2084 Granum—2
1735 2034 1866 2083 Cod.
1890 2036 2075 2084 Dalec.
2111 2037 2403 2098 mediamque
2423 2038 2530 2098 pul-

316 2112 476 2146 verem
498 2099 797 2160 appellatam.
867 2099 1014 2159 Mox,
1033 2098 1084 2146 iu
1101 2099 1282 2146 eodem
1298 2098 1512 2148 codice:
1546 2113 1855 2163 mersumque.
1923 2101 2178 2163 Protinus,
2200 2103 2281 2162 ᾷο.
2304 2102 2356 2149 in
2376 2102 2534 2148 andis.

320 2167 418 2211 —8
456 2163 642 2226 Margo
664 2162 784 2210 edd.
817 2162 1000 2211 Dalec.
1026 2169 1081 2212 et
1103 2163 1337 2212 Gronov.
1392 2164 1437 2210 si
1469 2164 1589 2212 calci
1606 2163 1860 2213 misceatur
1884 2172 1930 2213 et
1954 2171 2197 2228 cemento,
2218 2180 2247 2214 e
2269 2164 2532 2214 Vitruvio.

1319 2307 1540 2358 NOTAE

383 2421 409 2454 ‘¹
447 2420 607 2470 Gravi
634 2421 829 2485 probro]
861 2422 1049 2471 Caelius
1082 2423 1253 2472 aiebat
1290 2419 1388 2471 lin·
1466 2428 1588 2471 sunt
1616 2422 1757 2472 circa
1778 2423 2062 2472 Vesuvium
2088 2427 2350 2473 montem:
2391 2423 2531 2487 quod

322 2510 472 2560 guam
500 2497 871 2561 amputandam
897 2499 1006 2560 ejus
1033 2498 1263 2562 pudendi
1288 2499 1389 2547 cri·
1469 2499 1803 2548 commixtum
1844 2512 1960 2548 cum
1993 2499 2135 2548 calce
2176 2506 2232 2548 et
2261 2507 2532 2556 caemeuto,

319 2575 468 2622 uiinis
514 2574 636 2634 reis,
692 2572 832 2636 quod
879 2574 1081 2623 Baetico
1124 2575 1387 2623 Martialis

323 2648 525 2712 objicit,
551 2649 768 2698 loc.‘eit.
800 2648 937 2712 quod
956 2650 1203 2705 ‚libidinis
1226 2664 1389 2713 genus

321 2732 378 2775 et
411 2726 464 2772 in
490 2724 705 2773 Vitellio
738 2725 902 2787 tacite
941 2726 1113 2786 arguit
1151 2725 1388 2775 hocloco

320 2800 559 2850 Plinius:
586 2801 816 2863 itemque
838 2800 1184 2866 Tranquillus,
1207 2815 1324 2866 cap.
1339 2805 1388 2851 3.

322 2885 377 2927 et
400 2881 452 2927 4.

384 2962 408 2987 e
456 2952 582 3009 Quae
619 2956 784 3001 vocant
829 2951 1062 3016 Signina]
1122 2953 1165 3001 A
1210 2955 1388 3016 Signia

320 3029 494 3078 Italiae
516 3028 730 3092 oppido,
752 3029 817 3076 de
840 3042 942 3091 quo
964 3028 1057 3077 lib.
1074 3042 1160 3078 ιιι.
1179 3029 1228 3077 in
1246 3029 1386 3080 Geo-

322 3104 583 3167 graphicis
638 3104 880 3152 diximus.
969 3103 1167 3166 Signini
1212 3106 1387 3169 operis

323 3182 526 3231 mentio
542 3181 682 3245 apud
709 3180 1046 3230 Columellam
1082 3195 1121 3230 1.
1157 3185 1206 3230 6.
1272 3182 1388 3244 Sig-

322 3259 443 3307 nino
465 3259 617 3307 alveo
640 3257 890 3307 deductas
908 3258 1208 3307 Ravennam
1228 3273 1386 3322 aquas

324 3333 560 3394 prodidit
601 3333 940 3382 Cassiodorus
976 3334 1098 3382 Var.
1139 3335 1310 3397 Epist.
1337 3348 1387 3384 v.

322 3412 432 3459 38..

329 3504 337 3510 ·
386 3480 407 3516 ¹
432 3484 554 3534 Alia
584 3483 870 3547 commenta]
901 3484 991 3534 Sic
1013 3484 1146 3548 Reg.
1168 3489 1219 3534 2.
1248 3492 1393 3536 cete·

321 3561 469 3625 rique
509 3561 639 3610 Mss.
706 3563 901 3610 Recte:
939 3575 1076 3611 nunc
1116 3568 1273 3612 terrae
1314 3563 1393 3626 ip-

321 3639 426 3686 sius
462 3645 762 3687 commenta
805 3638 1105 3702 laudantur,
1139 3644 1199 3687 ut
1233 3653 1392 3702 prox·

322 3714 423 3762 ime
482 3721 607 3764 ante
667 3714 817 3765 artis.
905 3715 1070 3772 Editi,
1121 3721 1386 3780 segmento,

321 3791 474 3840 male.

384 3875 410 3910 ε
437 3866 564 3922 Quis
583 3865 709 3916 enim
727 3865 873 3930 satis]
906 3866 1122 3917 Planius
1143 3868 1258 3920 haec
1282 3876 1390 3920 tra·

322 3943 517 3993 duntur
541 3958 571 3992 a
592 3943 850 4004 Vitruvio,
872 3942 964 3992 sed
988 3943 1169 3993 eadem
1195 3953 1390 4008 tamen,

322 4028 385 4068 ιι.
407 4024 458 4068 6.
483 4034 536 4083 p.
563 4023 645 4070 24.
681 4021 697 4048 ‘
720 4019 820 4069 Est
845 4019 1001 4069 etiam
1026 4033 1186 4084 genus
1210 4021 1390 4085 pulve-

323 4094 412 4154 ris,
437 4094 573 4157 quod
598 4092 761 4144 efficit
784 4095 1093 4145 naturaliter
1124 4109 1204 4146 res
1225 4097 1390 4145 admi-

327 4171 450 4219 rand
459 4186 530 4221 as.
578 4171 832 4221 Nascitur
852 4171 907 4221 in
932 4171 1224 4236 regionibus
1239 4172 1392 4221 Baia-

326 4246 424 4311 nis,
461 4254 517 4297 et
558 4247 610 4296 in
650 4247 789 4311 agris
824 4248 1239 4312 municipiorum,
1275 4261 1390 4311 quae

460 4328 640 4393 Delplt.
660 4335 707 4379 et
739 4328 858 4380 Var.
885 4329 1016 4379 Clas.

1311 4328 1523 4380 Plinius.

1468 2587 1569 2622 non
1616 2575 1768 2623 modo
1810 2577 1999 2625 ceteris
2041 2573 2274 2624 aedificiis
2316 2581 2532 2637 praestat

1466 2649 1764 2708 firmitates,
1818 2651 1910 2700 sed
1964 2650 2123 2700 etiam
2179 2651 2359 2711 moles,
2412 2665 2530 2715 quae

1468 2734 1841 2776 construuntur
1863 2727 1914 2775 iu
1950 2728 2097 2781 mari,
2129 2726 2224 2775 sub
2246 2740 2381 2790 aqua
2413 2726 2534 2775 soli·

1467 2803 1727 2853 descunt!

1532 2879 1558 2912 ¹²
1591 2881 1794 2944 Ideoque
1819 2878 2079 2943 pulverem]
2131 2877 2265 2927 Haec
2309 2875 2530 2927 totidem

1470 2953 1644 3004 verbis
1668 2955 1905 3003 Isidorus
1927 2953 2078 3016 Orig.
2100 2965 2222 3002 xvi.
2250 2957 2294 3001 1.
2337 2951 2533 3000 Etiam-

1470 3045 1589 3078 num
1638 3032 1904 3093 pulverem
1963 3044 2078 3077 eum
2123 3027 2243 3076 Itali
2287 3026 2534 3089 Gallique

1469 3107 1734 3155 Pozzolone
1754 3112 2075 3168 nuncupant,
2108 3103 2343 3153 tectoriis
2365 3103 2532 3166 parie-

1470 3190 1580 3229 tum
1639 3182 1981 3231 utilissimum.
2083 3179 2288 3228 Seneca
2340 3178 2532 3227 Natur.

1468 3259 1675 3309 Quaest.
1711 3257 1803 3309 lib.
1826 3271 1913 3306 nr.
1947 3271 2000 3320 p.
2022 3258 2138 3305 872.
2169 3262 2186 3286 ·
2213 3254 2532 3303 Puteolanus

1469 3334 1655 3397 pulvis,
1691 3335 1732 3384 si
1772 3349 1955 3398 aquam
1991 3332 2191 3396 attigit,
2214 3344 2392 3380 saxum
2415 3330 2536 3380 est?

1465 3409 1708 3459 Sidonius
1754 3408 1987 3473 Aponio.
2033 3407 2231 3470 Paneg.
2268 3405 2535 3455 Anthemii

1471 3482 1609 3548 Aug.
1649 3498 1701 3547 p.
1735 3487 1853 3533 290.
1887 3482 1954 3531 de
1994 3481 2334 3546 amplitudine
2373 3495 2531 3542 agens

1471 3558 1616 3609 urbis
1657 3560 1993 3623 Byzantium:
2038 3561 2054 3587 ⁶
2081 3556 2312 3619 Porrigis
2352 3555 2532 3617 ingen-

1471 3643 1577 3686 tem
1599 3637 1840 3699 spatiosis
1864 3632 2117 3684 moenibus
2143 3631 2339 3692 urbem,
2363 3630 2534 3681 Quam

1468 3718 1643 3762 tamen
1667 3716 1930 3773 angustam
1955 3709 2177 3774 populus
2200 3705 2349 3756 facit.
2415 3706 2535 3755 Itur

1467 3791 1521 3839 in
1546 3803 1728 3853 aequor
1748 3787 1998 3849 Molibus,
2038 3790 2094 3833 et
2130 3790 2335 3831 veteres
2379 3781 2534 3831 tellus

1468 3878 1607 3914 nova
1629 3863 1891 3914 contrahit
1910 3861 2093 3911 undas·
2163 3859 2399 3923 Namque
2436 3858 2535 3907 Di-

1471 3941 1723 3990 carchaeae
1748 3940 2031 3989 translatus
2057 3932 2226 4000 pulvis
2251 3949 2423 3984 arena:
2446 3935 2537 3985 In-

1472 4016 1623 4066 tratis
1681 4015 1938 4065 solidatur
2011 4012 2177 4077 aquis,
2245 4011 2535 4077 durataque

1470 4105 1644 4142 massa
1679 4090 1922 4141 Sustinet
1965 4090 2215 4138 advectos
2251 4090 2535 4152 peregrino

1471 4170 1524 4218 iu
1551 4169 1754 4232 gurgite
1775 4160 2017 4230 campos)
2084 4164 2220 4214 Vide
2240 4167 2395 4214 etiam
2417 4165 2540 4214 Dio·

1472 4259 1591 4313 nem
1615 4245 1704 4297 nb.
1724 4257 1922 4297 xtvm.
1948 4260 1997 4308 p.
2021 4245 2138 4292 389.

2206 4327 2210 4331 '
2263 4326 2323 4372 13
2359 4322 2405 4371 Ρ
