3000 4917
506 369 680 436 4608

1234 388 1301 436 c.
1347 388 1594 457 annun
1642 387 1970 439 saeuum

508 537 578 594 et
621 526 1077 594 Alexandrum
1127 550 1209 595 ac
1262 531 1650 616 Philippum
1698 553 1850 596 cum
1899 531 2232 610 Minerva,
2277 534 2391 616 qui
2440 541 2596 598 sunt
2640 536 2707 598 in

506 631 800 697 Schola⁰
844 633 912 695 in
958 632 1263 699 Octaviae
1312 635 1719 717 porticibus:
1765 641 1835 698 et
1879 636 1947 698 in
1995 634 2346 718 Philippis
2391 634 2706 700 Liberum

503 741 783 817 patrem,
838 731 1299 800 Alexandrum
1353 755 1651 819 puerum,
1705 736 2154 819 Hippolytum
2206 742 2398 800 tauro
2449 739 2706 801 emisso

503 843 1097 919 expavescentem:
1143 840 1208 901 in
1244 839 1613 920 Pompeiaq
1644 857 1798 903 vero
1817 837 1845 878 ⁶
1883 837 2236 917 Cadmum,
2265 845 2339 904 et
2368 837 2707 920 Europen.

505 935 738 1001 ldem⁷
774 938 1013 1021 jocoso
1057 941 1318 1003 nomine
1370 937 1683 1022 Gryllum
1729 939 2074 1004 deridiculi
2122 940 2391 1004 habitus
2435 939 2707 1021 pinxit!

504 1037 700 1102 Unde
728 1039 853 1103 hoc
883 1058 1090 1122 genus
1119 1041 1399 1123 picturae
1430 1041 1662 1124 grylli⁸
1697 1050 2043 1107 vocantur.
2118 1042 2280 1125 Ipse
2310 1044 2376 1106 in
2399 1042 2708 1125 AEgypto

502 1148 705 1203 natus
737 1140 970 1207 didicit
998 1160 1041 1205 a
1073 1141 1473 1205 Ctesidemo.

598 1241 818 1311 Decet
849 1261 980 1306 non
1013 1242 1195 1306 sileri
1227 1249 1296 1306 et
1347 1242 1664 1307 Ardeatis
1713 1243 1985 1328 templir
2024 1244 2372 1327 pictorem,
2422 1262 2705 1325 praeser-

503 1343 619 1405 tim
653 1343 928 1408 civitate
961 1344 1275 1408 donatum
1307 1346 1423 1417 ibi,
1454 1351 1520 1408 et
1548 1345 1860 1424 carmine,
1906 1346 2085 1429 quod
2130 1354 2236 1410 est
2271 1346 2340 1408 in
2381 1345 2536 1428 ipsa
2565 1341 2707 1427 pic-

502 1452 698 1510 tura⁹
742 1446 849 1509 his
880 1447 1226 1511 versibus:

758 1547 1001 1630 Dignis
1023 1532 1232 1630 'digna
1260 1548 1416 1612 loco
1437 1555 1527 1587 ¹0⁸
1571 1549 1850 1630 picturis
1880 1547 2378 1624 condecoravit,

764 1648 1046 1732 Reginae
1079 1649 1366 1713 Junonis
1398 1651 1691 1733 supremi
1715 1659 1762 1690 ¹¹
1788 1651 1806 1686 ‘
1849 1649 2153 1733 conjugis
2184 1648 2505 1732 templum

758 1749 1038 1815 Marcus
1073 1751 1330 1815 Ludius
1363 1751 1703 1816 Helotas¹¹
1748 1752 2010 1816 AEtolia
2040 1750 2386 1827 oriundus,

503 1852 724 1932 Quem
749 1872 926 1917 nunc
959 1860 1031 1918 et
1059 1860 1219 1936 post
1246 1873 1505 1937 semper
1521 1855 1609 1918 ob
1639 1861 1849 1919 artem
1873 1854 2046 1919 hanc
2070 1850 2299 1917 Ardea
2320 1844 2579 1916 laudat.

501 1952 737 2037 anue
782 1948 939 2018 sunt
958 1960 1010 1993 ¹²
1056 1956 1314 2038 scripta
1362 1955 1660 2039 antiquis
1706 1957 1920 2020 literis
1965 1956 2229 2019 Latinis
2251 1975 2269 2020 ι
2289 1963 2318 1989 V
2360 1973 2494 2021 non
2513 1953 2709 2016 'frau-

558 2084 582 2118 ⁶
622 2087 758 2136 Idem
771 2087 936 2151 pinxit
957 2087 1193 2137 hominem
1221 2086 1388 2137 habitu
1406 2087 1630 2150 ridiculo,
1663 2102 1923 2152 comaque
1946 2088 2307 2155 eubule-tinxit,
2332 2088 2578 2152 Gryllum.

1410 2199 1713 2219 WWOO
1718 2200 1751 2219 O

500 2262 682 2314 Franz.
755 2264 944 2314 Colacea
964 2265 1091 2314 Vct.
1111 2265 1298 2317 Dalec.
1367 2267 1564 2316 Cataces
1599 2268 1719 2316 edd.
1759 2275 1889 2317 vett.
1916 2275 1970 2315 et
1993 2267 2330 2317 tironem—6
2362 2266 2492 2317 Cod.
2521 2266 2711 2314 Dalec.

499 2332 748 2377 ream—‘1
782 2330 1006 2393 Idemque
1038 2331 1163 2380 Vet.
1195 2331 1383 2379 Dalec.
1449 2332 1600 2392 Mox,
1636 2333 1835 2381 Jocosus
1871 2333 2115 2394 AEgellum
2152 2332 2338 2381 nomine
2358 2332 2555 2380 ridiculi
2593 2331 2717 2380 cod.

502 2391 685 2442 Dalec.
733 2393 986 2443 deridiculi
1009 2395 1140 2443 alius
1176 2393 1344 2444 codex
1368 2395 1718 2458 ejusdem—8
1752 2397 1935 2457 AEgeui
1966 2396 2087 2445 cod.
2110 2397 2395 2445 Dialem-9
2432 2393 2567 2446 Cod.
2605 2396 2716 2445 Da·

501 2456 604 2505 lec.
639 2458 1025 2520 scripturae—10
1059 2462 1074 2488 ‘
1097 2459 1185 2509 Ita
1221 2458 1374 2508 codd.
1411 2460 1583 2522 Regg.
1620 2469 1675 2509 et
1714 2461 1889 2510 Editio
1931 2460 2209 2523 princeps?
2245 2461 2463 2510 Brotier.
2533 2459 2718 2521 Digni}

500 2520 651 2582 digna
672 2523 773 2571 loca
795 2522 915 2571 edd.
937 2530 1069 2573 vett.
1096 2524 1334 2574 Gronov,
1363 2524 1623 2574 Harduin.
1650 2528 1697 2575 1.
1733 2529 1782 2575 2.
1820 2528 1869 2575 3.
1898 2533 1953 2574 et
1996 2530 2348 2575 recentt.—ll
2387 2524 2625 2574 Gronov.
2659 2531 2716 2574 et

503 2585 569 2634 al.
594 2593 714 2636 ante
738 2585 996 2636 Har-duih.
1015 2592 1397 2651 suprema—12
1431 2589 1519 2639 Ita
1541 2589 1660 2639 edd.
1686 2589 1943 2639 Harduin.
1969 2594 2016 2639 1.
2050 2594 2099 2640 2.
2123 2594 2172 2639 8.
2195 2588 2389 2639 Miller.
2412 2588 2633 2653 Bipont.
2659 2595 2715 2638 et

1496 2703 1543 2752 N
1555 2702 1715 2750 01·AE

562 2785 586 2810 ⁰
618 2777 681 2825 In
703 2776 898 2840 Schola]
934 2781 1163 2831 Nomine
1187 2783 1376 2832 sororis
1401 2783 1566 2833 Octa-

496 2855 598 2904 viae
633 2855 905 2905 Porticum
945 2857 1212 2921 Augustus
1242 2858 1568 2920 condiderat,

498 2938 558 2979 ut
603 2937 784 2979 auctor
825 2941 908 2981 eat
951 2933 1229 2983 Suetonius
1267 2932 1407 2998 Aug.
1444 2948 1562 2997 cap.

495 3010 580 3055 29.
648 3006 770 3056 Fuit
792 3007 1002 3069 regione
1024 3009 1183 3059 Urbis
1214 3024 1367 3075 nona,
1396 3023 1560 3073 prope

494 3081 776 3130 Theatrum
825 3083 1063 3132 Marcelli
1090 3100 1105 3133 ε
1157 3086 1562 3149 Complecteba·

494 3167 583 3209 tur
599 3173 661 3208 ea
680 3160 876 3224 templa
899 3161 1272 3225 «inadunatus,
1289 3171 1345 3213 et
1358 3162 1561 3226 Apolli-

494 3235 609 3285 πίει
644 3237 874 3298 Curiam,
903 3238 1132 3300 scholas,
1160 3239 1561 3290 Bibliothecam.

492 3311 682 3361 Schola
713 3313 873 3361 statio
910 3313 1146 3376 quaedam
1176 3314 1339 3363 instar
1358 3314 1465 3363 ludi
1500 3313 1559 3362 li-

495 3387 676 3436 terarii
714 3385 834 3451 fuit,
876 3388 929 3435 in
968 3402 1120 3453 quem
1149 3390 1467 3453 Philosophi,
1506 3396 1563 3440 et

495 3461 710 3526 reliquis
754 3461 1006 3511 doctrinis
1056 3465 1254 3513 exculti
1311 3465 1564 3527 homines,

495 3538 774 3587 convenire
808 3539 1065 3600 solebant,
1109 3548 1167 3588 ut
1202 3540 1421 3603 publicis
1457 3540 1562 3590 dis·

496 3614 855 3679 putationibus
878 3622 933 3665 et
967 3615 1233 3681 colloquiis
1253 3630 1557 3666 exerceren-

496 3698 600 3742 tur.

557 3764 590 3810 ν’
620 3768 689 3816 Et
722 3767 776 3818 in
815 3768 1056 3833 Philippi]
1091 3769 1155 3819 In
1192 3769 1397 3834 porticu
1437 3771 1562 3821 Phi·

493 3844 644 3909 lippi,
667 3843 733 3893 de
757 3859 856 3908 qua
879 3845 1102 3895 diximus
1121 3861 1168 3896 c.
1189 3850 1272 3895 86.

558 3927 583 3963 (ι
633 3920 697 3969 In
746 3920 992 3984 Pompeia]
1060 3921 1236 3986 Prope
1295 3921 1555 3972 theatrum

494 3993 756 4058 Pompeii,
779 3998 988 4058 regione
1012 3998 1170 4047 Urbis
1185 4013 1341 4061 nona,
1359 4008 1414 4049 et
1427 4000 1558 4048 Por·

494 4071 630 4120 ticus
654 4071 976 4133 Pompeiana
1006 4071 1126 4137 fuit,
1160 4074 1228 4123 de
1250 4089 1354 4139 qua
1375 4077 1556 4125 Vitru-

494 4146 610 4195 vius
634 4159 689 4196 v·
710 4150 759 4195 9.
786 4161 903 4211 pag.
921 4153 1006 4199 92.

559 4229 580 4256 ¹
610 4223 838 4272 Ardeatis
881 4225 1065 4287 templa]
1119 4225 1282 4289 Cujus
1325 4227 1559 4290 picturas

497 4299 813 4365 antiquiores
845 4313 963 4352 esse
994 4300 1140 4352 Urbe
1161 4302 1332 4354 Roma
1364 4301 1563 4355 dictum

1646 2789 1729 2832 est
1752 2784 2006 2848 superius,
2025 2798 2071 2834 c.
2096 2789 2145 2833 6.

1713 2870 1733 2895 ⁸
1758 2860 1945 2923 Dignis
1982 2861 2134 2923 digna
2175 2859 2297 2922 loco]
2326 2860 2414 2908 Sic
2452 2859 2713 2909 Gruterus

1644 2934 1830 2991 edidit.
1851 2937 1902 2984 iu
1931 2935 2380 2999 Inscriptionibus,
2403 2950 2454 2998 p.
2476 2939 2626 2983 1065.
2649 2948 2714 2983 ex

1643 3018 1850 3060 vetusto
1887 3011 2092 3074 lapide:

1642 3099 1836 3136 niune.
1912 3099 2333 3141 nocrrmnvms.
2401 3098 2716 3136 nervum&

1705 3176 2132 3213 counssconavu·

1641 3251 1886 3288 anetum
1920 3252 2140 3288 lvuom.
2169 3250 2438 3288 svrnmu.
2456 3249 2718 3287 comver.

1706 3327 1985 3365 'mummi

1643 3403 1878 3441 uancvs.
1930 3404 2147 3441 Lvmvs.
2193 3401 2418 3440 ΕιοτΑι.
2458 3398 2720 3437 Ali-rona·

1705 3480 1992 3518 omvuuvs

1642 3554 1821 3595 uvam.
1854 3556 2019 3593 nvnc.
2055 3557 2138 3593 ΒΤ.
2170 3555 2324 3592 ron·-
2357 3554 2603 3609 sturnu-
2625 3555 2713 3592 on·

1707 3632 1920 3671 ARTEM.
1959 3633 2130 3669 nanc.
2162 3632 2373 3668 Annus.
2407 3631 2649 3668 mvnxr.

1702 3695 1719 3727 ²
1751 3694 1991 3757 Supremi]
2064 3695 2184 3744 Hoc
2250 3701 2348 3752 ent,
2404 3694 2572 3746 Jovis.
2629 3692 2716 3743 Ita

1641 3772 1769 3822 Mss.
1785 3773 1915 3835 Reg.
1934 3776 1982 3820 2.
2019 3771 2068 3822 Α
2093 3772 2242 3822 Colb.
2267 3776 2315 3822 8.
2342 3771 2568 3836 aliique:
2590 3785 2715 3834 non,

1643 3857 1698 3898 ut
1722 3848 1852 3897 editi
1872 3851 2123 3898 hactenus
2148 3848 2284 3907 libri,
2304 3863 2551 3911 supremoe.

1702 3932 1728 3958 ⁸
1761 3925 1984 3990 Halotus]
2014 3925 2219 3974 Εἵλωτες
2248 3940 2279 3973 a
2302 3922 2716 3974 Lacedaemoniis

1642 3999 1923 4065 transfugae
1947 4002 2221 4066 appellati.
2289 3999 2479 4051 Strabo
2501 4000 2638 4049 l..v1.
2658 4013 2716 4062 p.

1639 4079 1756 4124 2⁷8.

1703 4160 1726 4185 V
1745 4152 1977 4217 Antiqui-e
1994 4153 2148 4204 literis
2165 4151 2383 4215 Latinis]
2405 4155 2488 4204 De
2508 4152 2586 4202 his
2604 4152 2720 4216 egi-

1638 4241 1751 4279 mus
1774 4242 1874 4279 vu.
1903 4232 1985 4279 58.
