3000 4917
751 356 813 402 c.
863 356 1108 408 ΡιιΝιι
1158 354 1491 411 saeuum
1545 358 1688 405 ma.
1740 360 1823 405 11.
1867 341 1997 428 (7.)

2298 345 2468 410 4961

269 495 368 544 οοῦ
387 493 549 546 κοίλου
568 493 599 553 ἢ
626 495 713 552 τῆς
744 495 1038 555 κοιλότητος.
1106 498 1259 547 Unde
1280 504 1338 547 οι
1407 498 1649 561 pertatem
1667 500 1856 550 Jovem.
1892 502 2073 551 nanee.
2158 476 2163 481 ’
2238 546 2245 554 .

274 573 443 632 prisci
480 573 627 621 Rom.
657 575 843 630 Coilum
878 575 1165 637 scripsere:
1203 574 1338 637 quod

274 651 519 712 religiose
544 650 783 699 observat
821 652 873 699 in
905 665 996 699 suo
1028 652 1192 699 Ennio
1215 651 1338 700 doe-

278 726 395 774 tiss.
418 726 640 782 Merula.
698 727 783 774 De
807 727 1031 774 auctoris
1054 734 1222 774 tamen
1248 727 1337 775 de-

278 801 536 849 rivatione
558 802 799 854 nonnihil,
824 809 879 850 et
908 804 1075 851 Varro
1097 803 1163 852 de
1188 803 1338 866 Ling-

258 868 404 942 ‚Lan
430 876 519 924 tib.
540 890 615 924 tv.
650 878 800 926 Idem.
869 927 874 934 ,

347 952 474 1001 Solis
505 954 691 1017 cursus]
728 955 1004 1017 Exemplar
1033 956 1201 1005 Tolet.
1238 969 1342 1003 non

279 1044 449 1077 cursus
477 1030 626 1091 tegit,
652 1030 740 1078 sed
771 1032 948 1088 cursui,
976 1032 1170 1081 rectius
1196 1037 1339 1095 puto.

282 1106 427 1155 Pint.

385 1182 521 1230 CAP.
547 1197 600 1231 v.
668 1182 745 1231 De
773 1190 973 1244 quatuor
990 1183 1246 1233 elementis.

354 1259 438 1307 De
458 1253 722 1319 elementis]
757 1260 841 1307 De
871 1260 1237 1308 elementorum
1263 1274 1342 1309 ra-

284 1332 571 1395 tiouevide
601 1333 937 1382 Aristotelem
971 1334 1038 1382 de
1070 1334 1345 1384 Generati-

287 1424 394 1459 one
414 1417 470 1458 et
488 1411 854 1472 Corruptione,
875 1412 963 1460 lib.
987 1425 1049 1461 11.
1075 1419 1131 1460 et
1145 1412 1211 1460 de
1230 1412 1344 1460 (1oe-

284 1485 339 1533 lo
367 1499 444 1534 tv.
465 1491 515 1533 5.
534 1493 586 1534 et
607 1486 669 1534 P.
688 1488 943 1536 Merulam
963 1502 1119 1550 super
1141 1489 1273 1537 Enn.
1291 1504 1343 1551 p.

263 1613 268 1618 ,
287 1564 404 1609 119.
421 1567 476 1609 et
490 1575 635 1624 seqq.
654 1569 707 1609 et
726 1562 850 1611 Sext.
870 1563 1069 1625 Erupit.
1089 1563 1345 1625 Pyrrhou.

286 1637 495 1699 Hypot.
519 1650 604 1685 ιιι.
629 1639 675 1684 4.
699 1638 965 1685 Censoriu.
996 1637 1062 1686 de
1096 1638 1195 1685 Die
1220 1638 1347 1686 Nat.

287 1726 407 1773 cap.
430 1716 478 1760 3.
503 1712 699 1759 Mutet.
735 1713 860 1761 Var.
893 1727 993 1762 vn.
1032 1717 1109 1762 17.
1146 1715 1347 1762 Nomen

291 1803 324 1835 a
352 1783 577 1837 Platone
616 1788 880 1847 inventum
912 1797 1087 1838 monet
1122 1791 1350 1853 Simplie.

290 1878 448 1927 snper
469 1865 630 1927 Phys.
664 1865 835 1914 Dalec.
1269 1909 1274 1920 ,

267 1995 274 2001 ,
363 1942 557 2003 Ignium
578 1942 832 2004 summum]
866 1943 1017 1992 Falso
1036 1942 1237 1991 Plinius
1259 1956 1351 2005 pu-

295 2025 381 2067 tat
419 2019 634 2078 eandem
677 2033 793 2068 esse
831 2019 1097 2068 materiam
1133 2020 1263 2082 ignis
1298 2026 1351 2066 et

293 2095 434 2157 coeli,
497 2094 787 2157 Epicureos
847 2102 1071 2152 secutus.
1159 2095 1354 2155 Ignium

290 2172 547 2233 summum]
596 2172 711 2221 Imo
736 2187 857 2221 vero
888 2178 1027 2222 astra
1060 2180 1256 2222 tantum
1279 2173 1352 2235 ig-

294 2262 399 2298 nea
423 2254 671 2310 putarunt
705 2249 967 2311 Epieurei.
1014 2249 1167 2297 Lucr.
1192 2249 1275 2296 lib.
1304 2263 1352 2297 v.

295 2323 312 2348 ‘
340 2324 448 2372 Per
488 2337 603 2371 rara
634 2321 887 2372 foramina
920 2330 1071 2373 terrae
1105 2323 1352 2371 Partibus

294 2413 578 2461 erumpens
621 2398 815 2462 primus
850 2413 905 2447 se
947 2399 1153 2447 sustulit
1193 2399 1355 2447 aetlter

296 2473 547 2537 Signifer,
561 2481 615 2523 et
635 2475 824 2524 multos
846 2489 1017 2523 seeum
1036 2475 1162 2523 levis
1181 2475 1355 2523 abstu-

293 2549 362 2596 lit
398 2547 585 2611 ignes.'
649 2548 719 2597 Et
756 2549 911 2611 paulo
954 2557 1071 2610 post
1112 2549 1352 2597 aetherem

297 2623 632 2685 cognominat
655 2622 943 2685 igniferum.
979 2624 1250 2673 Platonem
1268 2640 1356 2672 au·

299 2707 408 2748 tem
433 2699 484 2748 iu
513 2698 818 2761 Epinomide
846 2700 1139 2762 Timaeoque
1173 2700 1356 2749 coelum

300 2776 476 2835 iguem
522 2774 717 2823 dixisse
760 2780 906 2822 notat
938 2775 1359 2848 Thsenpol-Aca·

302 2848 442 2898 dem.
466 2850 758 2911 contempl.
782 2862 906 2902 vm.
930 2854 975 2897 1.
1006 2849 1141 2899 Vide
1160 2859 1214 2899 et
1234 2852 1356 2900 Plu-

302 2925 473 2985 tarch.
496 2925 578 2983 ‚de
615 2925 766 2975 Plac.
793 2927 924 2975 Phil.
960 2940 1023 2974 ιι.
1058 2932 1137 2975 ll.
1193 2929 1261 2975 Et
1286 2927 1350 2976 A·

306 3002 448 3050 chill.
483 3015 641 3063 super
676 2999 826 3050 Arat.
865 3017 979 3063 pag.
1002 2995 1083 3051 8'4.
1118 3003 1167 3050 in
1193 3003 1279 3051 fin.
1305 3010 1359 3050 et

304 3076 530 3127 Hieron.
554 3077 695 3139 Mag.
714 3076 777 3125 de
804 3078 985 3126 Mundi
1012 3080 1196 3127 Exust.
1220 3093 1257 3127 ι.
1282 3082 1360 3126 13.
1419 3121 1428 3130 ,
1484 3104 1492 3111 ·

306 3150 402 3200 nbi
443 3150 767 3214 Anaxagorae
803 3166 915 3200 eam
952 3154 1238 3215 opinionem
1271 3153 1361 3204 ad·

311 3226 526 3286 scribit;
577 3228 664 3290 qui
695 3242 807 3275 eam
847 3228 914 3277 ob
950 3243 1180 3278 caussam
1205 3229 1360 3279 aetlie-

279 3317 423 3364 *rem
447 3302 572 3365 παρὰ
605 3303 692 3351 τοῦ
722 3303 867 3351 αἴθειν
899 3303 1092 3352 dictum
1127 3304 1363 3354 voluerit.

311 3379 395 3427 Ex
419 3376 640 3427 Aristot.
661 3379 884 3427 Meteor.
908 3394 947 3428 1.
968 3384 1017 3428 3.
1050 3379 1365 3438 Parmenidi,

313 3453 609 3513 Heraclito,
640 3453 892 3516 Stratoni,
928 3462 981 3500 et
1012 3453 1209 3501 Zenoni
1244 3466 1364 3501 vero

311 3527 465 3576 Stob.
493 3528 672 3589 Eclog.
695 3541 733 3575 1.
751 3533 831 3576 25.
858 3543 906 3589 p.
928 3532 1008 3575 53.
1042 3528 1195 3576 Idem.

383 3602 515 3651 Aiira
544 3601 805 3663 appellant]
844 3601 996 3650 Hune
1019 3601 1172 3664 αἰθέρα
1193 3601 1367 3650 Graeci

287 3729 294 3738 “
321 3683 529 3725 vocant.
558 3676 865 3737 Euripides:
891 3676 1001 3739 ὁρᾷς
1028 3675 1113 3724 τὸν
1144 3675 1259 3738 ῧψρυ
1282 3676 1368 3724 τὸν

291 3812 298 3820 ⁴
323 3756 366 3802 δ’
391 3754 580 3816 ἄπειρον
602 3752 773 3816 αἰθέρα,
806 3752 899 3801 Καὶ
926 3755 1018 3813 γῆν
1050 3752 1179 3817 πέριξ
1209 3751 1366 3814 ἔχονθ’

321 3834 497 3894 ὑγραῖς,
508 3833 557 3879 ἐν
574 3829 807 3892 ἀγκάλαις
820 3847 835 3891 ;
850 3832 1029 3886 Τοῦτρν
1047 3830 1212 3893 νόμιζε
1229 3833 1371 3892 Ζῆνα,

322 3905 453 3954 τόνδ’
475 3905 594 3966 ἡγοῦ
614 3905 733 3956 θεόν.
800 3907 912 3954 Hos
935 3920 1108 3964 versus
1131 3908 1204 3960 sic
1228 3906 1371 3955 Lati-

320 3997 417 4031 nos
440 3982 566 4029 fecit
592 3983 700 4040 cic.
724 3982 789 4030 de
814 3982 935 4031 Nat.
961 3983 1121 4030 Deor.
1145 3995 1204 4029 ιι.
1234 3981 1375 4030 Vides

317 4059 520 4107 sublime
551 4054 718 4117 fusum
774 4059 1126 4116 immpderatum
1180 4058 1377 4119 athera,

328 4135 430 4190 Qui
450 4140 624 4183 terram
644 4140 802 4183 tenero
820 4134 1120 4194 circumjectu
1138 4133 1377 4196 amplecti·

325 4208 437 4259 tur?
461 4209 606 4258 Hunc
617 4225 844 4259 summum
861 4210 1027 4259 habeto
1044 4210 1242 4272 Divum,
1257 4210 1378 4257 hunc

459 4291 638 4354 Delph.
668 4296 718 4340 et
747 4290 860 4340 ναν.
884 4290 1011 4340 Clas.

1301 4288 1507 4339 Plinius.

1477 576 1583 624 Per
1605 582 1773 626 cuncta
1790 593 1946 626 renam
1965 578 2230 642 meabilem]
2277 581 2475 630 Seneca

1414 650 1539 699 Nat.
1556 652 1756 702 Quaest.
1775 659 1897 701 ιι.9.
1916 655 1930 681 ‘
1953 654 2182 715 Spiritus
2202 668 2302 703 non
2323 670 2472 719 aper-

1415 734 1471 776 ta
1508 735 1707 778 tantum
1747 729 2042 785 intendens,
2067 731 2159 779 sed
2192 731 2349 780 etiam
2383 732 2473 781 ab·

1414 804 1526 853 dita
1551 811 1605 852 et
1628 805 1863 853 inclusa.'

1483 880 1658 928 Mutuo
1677 880 1940 942 complexu]
1978 882 2105 929 Late
2124 880 2220 929 hae
2239 881 2303 928 de
2326 896 2380 931 re
2403 882 2473 931 A·

1415 955 1555 1004 chill.
1578 970 1690 1017 sup.
1721 954 1874 1006 Arat.
1900 971 1950 1018 p.
1976 960 2056 1006 83.
2088 964 2141 1006 et
2175 956 2356 1006 Manil.
2378 955 2475 1007 As.-

1418 1039 1552 1081 tron.
1576 1046 1615 1079 1.
1641 1036 1751 1086 168.
1785 1033 1953 1082 Dalec.

1550 1108 1683 1156 CAP·
1707 1122 1788 1158 vr.
1833 1110 1914 1157 De
1933 1115 2106 1172 septem
2122 1111 2344 1172 planetis.

1484 1183 1680 1232 Medius
1693 1183 1775 1231 Sol
1784 1184 1972 1246 fertur]
1996 1186 2227 1235 Chaldaei
2247 1186 2477 1235 errantia

1419 1258 1593 1309 sidera
1616 1259 1682 1307 ad
1698 1260 1831 1308 hunc
1849 1275 2112 1309 numerum
2129 1263 2444 1325 redegerunt
2463 1279 2476 1309 ι

1423 1335 1749 1385 Ptolemaeus.
1776 1350 1899 1385 vero
1935 1352 1996 1384 ac
2021 1337 2204 1385 Theon
2230 1338 2400 1385 Solem
2423 1345 2479 1385 et

1407 1412 1618 1462 ,Lunam
1649 1412 1785 1460 inter
1807 1413 2036 1461 errantia
2066 1426 2166 1459 non
2191 1420 2477 1461 recensent.

1426 1488 1509 1536 De
1532 1488 1865 1536 Planetarnm
1896 1502 2127 1549 numero,
2150 1495 2312 1551 motu,
2336 1494 2392 1536 et
2413 1488 2479 1537 si-

1423 1572 1500 1618 tu,
1521 1564 1644 1612 vide
1668 1562 1831 1612 Arist.
1855 1563 1920 1613 de
1944 1563 2165 1628 Mundo,
2187 1579 2234 1612 c.
2251 1568 2299 1612 2.
2332 1563 2481 1611 Idem.

1410 1669 1416 1690 a
1491 1640 1655 1688 Totius
1696 1638 1926 1701 animum]
1967 1639 2353 1702 Elegantissimi
2382 1640 2480 1688 hac

1409 1714 1491 1767 ⁴de
1528 1729 1583 1762 re
1609 1714 1809 1776 Orphei
1846 1729 2055 1766 versus:
2105 1716 2270 1777 Κλῦθι,
2307 1713 2479 1780 μάκαρ,

1423 1787 1676 1853 πανδερκὲς
1690 1788 1816 1851 ἔχων
1829 1788 2011 1838 αἰώνιον
2024 1788 2170 1851 ὄμμα,
2178 1790 2321 1839 Τιτὰν
2333 1804 2480 1853 χρυσ-

1425 1865 1590 1934 αηνὴς,
1602 1864 1840 1929 Ὑπερίων,
1860 1864 2071 1928 οὐράνιον
2091 1869 2204 1929 φῶς.
2240 1868 2307 1915 Et
2327 1868 2481 1929 paulo

1413 1951 1579 2005 post:
1603 1941 1772 2002 Ὄμμα
1803 1940 2111 2005 δικαιοσύνης,
2140 1942 2267 2004 ζωῆς
2284 1946 2406 2003 φῶς,
2445 1941 2482 1989 ὦ

1412 2018 1678 2080 ,ἐλάσαι-πε,
1701 2017 1914 2080 Μάστιγι
1933 2022 2107 2083 λιγυρῇ
2135 2017 2389 2082 τετράορον
2402 2017 2484 2081 ἅρ-

1423 2114 1491 2157 μα
1525 2095 1713 2144 διώκων.
1779 2096 2012 2145 Caeteras
2048 2096 2231 2150 laudes
2275 2094 2476 2146 videbis

1428 2174 1478 2220 in
1510 2174 1553 2219 Ν
1560 2170 1740 2219 eandri
1765 2172 1919 2235 Phys.
1944 2187 1994 2234 p.
2016 2176 2097 2220 32.
2136 2173 2285 2220 Idem.
2460 2197 2467 2210 ι

1491 2247 1594 2294 Hic
1629 2248 1811 2309 reliqua
1846 2248 2009 2295 sidera
2040 2245 2265 2308 occultat]
2327 2244 2482 2298 Adde

1424 2322 1656 2382 illustrat,
1694 2338 1758 2378 ex
1799 2321 1928 2372 Cod.
1963 2323 2129 2374 Tolet.
2171 2331 2230 2369 ut
2271 2320 2484 2375 sit‚.Hic

1426 2399 1606 2460 reliqua
1617 2398 1778 2446 sidera
1786 2397 2243 2458 occultat,illustrat.
2271 2397 2383 2444 Nec
2399 2410 2486 2444 ae·

1428 2473 1567 2535 cipio
1591 2474 1824 2534 illustrat,
1845 2475 1966 2536 quia
1989 2473 2200 2537 reliquis
2225 2474 2484 2523 sideribus

1428 2549 1597 2597 lumen
1623 2548 1918 2610 impertiat,
1904 2564 1917 2577 ·
1946 2548 2052 2599 hoc
2085 2550 2217 2596 enim
2254 2548 2389 2596 infra
2410 2549 2487 2598 di-

1429 2631 1549 2683 eet3
1581 2623 1675 2671 sed
1714 2624 1834 2687 quia
1874 2638 2099 2686 praeseus
2138 2624 2387 2673 obscuret
2420 2624 2487 2673 si-

1430 2700 1576 2759 ders,
1601 2699 1786 2752 absens
1810 2701 2050 2749 illustret.
2086 2700 2307 2750 Pintian.

1501 2777 1704 2829 Coeteris
1724 2763 1916 2839 quoque,
1945 2778 2053 2840 Sym]
2106 2779 2216 2827 lmo
2247 2792 2368 2827 vero
2391 2777 2489 2825 soli

1434 2853 1611 2901 Lunae.
1678 2853 1885 2901 Caetera
1937 2868 2157 2916 namque
2211 2855 2380 2901 sidera
2421 2853 2488 2901 de

1432 2942 1524 2976 suo
1576 2929 1776 2986 lucent,
1826 2936 2069 2976 monente
2111 2929 2246 2978 Scal.
2285 2928 2486 2977 advers.

1434 3003 1588 3051 Card.
1609 3015 1779 3049 exerc.
1801 3006 1884 3051 64.
1918 3003 2086 3052 Dalec.
2284 3045 2291 3049 .

1695 3080 1830 3130 CAP.
1855 3091 1954 3125 vn.
2009 3078 2085 3126 De
2107 3078 2229 3126 Deo.
2464 3103 2467 3106 ο

1503 3154 1728 3218 Effigiem
1746 3154 1862 3213 Dei,
1879 3153 1984 3215 Syru]
2020 3153 2269 3201 Veterum
2295 3150 2490 3214 opinio-

1438 3243 1528 3276 nes
1552 3228 1616 3275 de
1642 3229 1758 3277 Deo
1776 3228 1893 3275 vide
1916 3227 2052 3291 apud
2076 3227 2490 3280 A1·ist.deMun—

1438 3304 1506 3353 do
1529 3319 1577 3352 c.
1601 3308 1649 3352 7.
1686 3311 1741 3352 et
1773 3304 1922 3352 Stob.
1957 3305 2136 3366 Eelog.
2170 3305 2220 3352 in
2249 3304 2411 3366 princ.
2435 3309 2491 3352 et

1438 3380 1704 3429 Plutarch.
1729 3379 1793 3428 de
1818 3380 2004 3428 Placit.
2029 3380 2166 3429 Phil.
2185 3395 2221 3428 1.
2240 3384 2290 3428 7.
2308 3386 2364 3428 et
2381 3378 2490 3427 Ne-

1441 3455 1584 3503 andr.
1609 3456 1769 3519 Phys.
1790 3462 1843 3503 et
1868 3455 1990 3505 Sex.
2015 3457 2213 3518 Empir.
2240 3455 2495 3519 Pyrrhon.

1442 3532 1642 3595 Hypot.
1667 3545 1752 3579 ιιι.
1777 3534 1822 3579 1.
1847 3539 1900 3579 et
1926 3531 2104 3580 Henr.
2139 3532 2323 3593 Steph.
2358 3530 2493 3584 Phil.

1429 3606 1599 3657 feeit.
1622 3613 1675 3654 et
1690 3607 1901 3665 ,αὐτου-χ.
1927 3619 2009 3654 ιιι.
2031 3612 2078 3657 5.
2099 3612 2152 3653 et
2165 3620 2273 3668 seq.
2288 3611 2342 3653 et
2357 3605 2495 3654 Just.

1443 3683 1664 3745 Martyr.
1689 3683 1927 3743 ἐπιτρῳιτ.
1953 3690 2007 3730 et
2043 3683 2285 3732 Lactant.
2315 3680 2492 3732 Divin.

1429 3758 1577 3811 Just.
1602 3770 1638 3806 1.
1661 3762 1711 3805 5.
1734 3764 1789 3804 et
1812 3771 1920 3818 seq.
1956 3755 2108 3804 Idem.

1514 3832 1659 3879 Totus
1694 3831 1887 3893 animoe]
1931 3830 2137 3884 Am’moe,
2171 3829 2343 3891 ψυχῆς,
2382 3841 2495 3891 quja

1446 3908 1681 3958 omnibus
1717 3908 1820 3954 vita
1858 3905 2239 3967 praeditis.eam
2266 3903 2496 3966 praebet-t

1444 3982 1614 4042 animi,
1651 3982 1749 4045 τοῦ,
1777 3981 1876 4043 νοῦ,
1908 3980 1996 4043 qui
2031 3994 2143 4042 quse
2172 3980 2222 4028 in
2258 3980 2498 4029 universo

1445 4058 1579 4108 fiunt
1611 4057 1795 4108 omnia.
1814 4056 2103 4114 admirabili
2135 4055 2388 4118 sapientia
2421 4069 2500 4104 re-

1449 4134 1525 4195 git
1539 4140 1594 4182 et
1610 4127 1950 4181 administrat.
1973 4131 2039 4180 D.
2057 4132 2349 4193 Augustino
2364 4138 2378 4159 ‘
2394 4130 2502 4179 ani·

1450 4207 1559 4257 ma’
1583 4209 1700 4259 vitae
1723 4214 1824 4270 est,
1847 4205 1863 4233 ‘
1880 4205 2101 4257 animus’
2123 4206 2340 4257 consilii.
2373 4204 2503 4254 Ani-

2217 4291 2279 4337 14
2311 4286 2370 4335 Μ
