3000 4917
2305 366 2480 437 4598

275 524 422 608 ejus
466 529 538 589 et
584 523 1032 608 expirantium
1083 524 1432 607 imagines,
1542 523 1722 603 Quae
1780 533 2004 595 autem
2062 526 2481 593 nobilissima

279 628 441 703 sint,
469 632 739 715 non-est
761 626 964 690 facile
994 626 1200 690 dictu.
1601 672 1622 687 ..

365 726 702 791 Venerem
750 733 1104 792 exeuntem
1153 748 1193 791 e
1228 728 1396 792 mari
1420 736 1460 763 W
1503 729 1724 793 Divus
1752 727 2103 813 Augustus
2132 727 2383 793 dicavit
2409 730 2479 794 in

278 828 556 892 delubro
601 829 814 910 patris
848 829 1195 908 Caesaris‚¹
1239 848 1393 913 quae
1422 828 1910 914 Anadyomene
1943 836 2242 923 vocatur,
2272 831 2481 895 versi-

277 930 408 994 bus
428 929 728 994 Graecisv
758 930 876 994 tali
905 950 1128 1014 opere,
1146 930 1306 995 dum
1336 932 1669 1009 laudatur,
1694 933 1896 1010 victo,
1919 933 2044 997 sed
2067 932 2481 998 illustrato.⁷⁸

279 1029 513 1115 Hujus
565 1030 938 1095 inferiorem
982 1039 1242 1114 partem
1288 1039 1672 1113 corruptam
1704 1033 1818 1116 qui
1848 1033 2170 1111 reficeret,
2198 1052 2326 1099 non
2356 1051 2481 1116 po-

277 1132 408 1194 tuit
438 1133 734 1215 reperiri.
811 1129 1066 1196 Verum
1097 1134 1254 1216 ipsa
1277 1132 1521 1216 injuria
1549 1134 1754 1197 cessit
1783 1134 1850 1197 in
1873 1133 2153 1214 gloriam
2177 1132 2479 1199 artificis.

281 1231 650 1298 Consenuit
676 1233 826 1298 haec
854 1234 1084 1298 tabula
1122 1236 1343 1300 cariet
1386 1235 1724 1317 aliamque
1754 1255 1877 1318 pro
1907 1254 1994 1299 ea
2020 1224 2205 1299 Nero
2235 1235 2480 1318 princi-

853 380 1024 429 ΝΑΤ.
1070 379 1274 429 Ηιετ.
1321 381 1467 429 ιω.
1517 380 1777 430 xxxv.
1818 366 1928 431 36.

1208 1398 1569 1419 θθθθθθθθθθθθ

281 1516 447 1560 centt.
515 1511 663 1566 Mox,
698 1512 938 1574 obliquum
968 1512 1089 1562 cod.
1110 1514 1426 1565 Dulce-72
1458 1515 1474 1542 ‘
1498 1515 1583 1564 Ita
1610 1512 1819 1578 quidem
1856 1513 1976 1563 libri
2001 1527 2179 1562 omnes
2200 1512 2386 1574 scripti
2425 1517 2482 1562 et

278 1575 430 1624 editi.
499 1572 572 1623 At
597 1583 744 1625 certe
768 1576 1146 1626 emendandum
1172 1586 1277 1639 est,
1304 1594 1398 1628 non
1420 1579 1563 1628 victo.
1631 1579 1830 1626 Extant
1852 1577 2061 1642 quidem
2087 1579 2137 1625 in
2160 1577 2375 1629 Antbol.
2403 1589 2482 1626 tv.

281 1643 359 1688 12.
397 1639 547 1701 plura
569 1640 942 1703 epigrammata
982 1642 1047 1690 de
1074 1643 1171 1692 hac
1196 1644 1424 1703 Venere,
1463 1643 1649 1706 quibus
1689 1643 1948 1691 illustrata
1988 1642 2194 1705 quidem
2234 1640 2354 1696 fuit,
2387 1639 2481 1690 sed

279 1704 492 1752 minime
510 1704 689 1753 victa)
721 1706 941 1755 Brotier.
1006 1708 1131 1757 Vet.
1158 1703 1344 1758 Dalec.
1367 1708 1580 1757 versibus
1602 1707 1780 1770 aliquot
1800 1707 1988 1755 Graecis
2002 1707 2266 1757 collaudato
2283 1711 2330 1755 et
2344 1719 2483 1766 opere

277 1774 326 1818 et
360 1768 563 1830 pictore.
616 1769 800 1831 Hujus.
829 1773 911 1833 &a
974 1771 1092 1820 cod.
1120 1772 1296 1822 Dalec.
1327 1775 1411 1822 sed
1436 1787 1527 1835 per
1555 1776 1629 1821 tot
1665 1772 1817 1821 hatra
1851 1771 2143 1831 inferiorem,
2173 1774 2255 1834 &a

1277 1934 1494 1985 NOTAE

344 2035 377 2061 '¹
419 2028 653 2078 Venerem
681 2035 930 2079 exertum
964 2044 992 2079 e
1028 2031 1176 2095 mari]
1210 2031 1344 2081 Ἅμα·
1424 2024 1592 2095 pelagi
1627 1989 2003 2095 primumcum
2039 2036 2277 2094 surgeret
2315 2029 2486 2092 undis,

2324 1770 2475 1831 Mox,
2549 1784 2553 1788 ·

279 2102 532 2164 δυομένην,
552 2104 617 2151 de
642 2119 743 2167 qua
759 2120 914 2168 supra
937 2120 981 2155 c.
1008 2110 1089 2155 12.

344 2186 371 2211 ¹
405 2179 470 2228 In
506 2180 796 2229 delabro.-..
821 2181 1054 2244 Coesaris]
1098 2182 1248 2233 Quod
1292 2182 1344 2230 in

278 2255 419 2306 Foro
451 2254 577 2319 fuit,
623 2256 832 2319 regione
885 2265 1088 2307 octava.
1157 2256 1346 2306 Strabo

276 2330 366 2379 lib.
390 2343 514 2379 xiv.
559 2346 611 2393 p.
634 2335 751 2380 667.
772 2329 870 2379 Ἦν
900 2330 951 2381 δὲ
989 2332 1067 2381 καὶ
1088 2332 1121 2392 ἡ
1153 2332 1346 2382 ἀναδυο-

278 2405 398 2467 μένη
417 2405 697 2468 Ἀφροδίτη,
719 2405 750 2466 ὴ
773 2409 856 2457 νῦν
889 2408 1131 2458 ἀνάκειται
1150 2411 1222 2472 τῷ
1259 2413 1349 2472 θεῷ

280 2482 487 2546 Καίσαρι
505 2486 558 2533 ἐν
572 2484 748 2549 Ῥώμῃ,
768 2486 857 2534 τοῦ
878 2489 1125 2543 Σεβαστοῦ
1154 2487 1348 2536 ἀναθέν-

278 2576 365 2608 τος
381 2560 459 2620 τᾷ
479 2559 625 2623 πατρὶ
646 2558 739 2618 τὴν
759 2558 1038 2624 ἀρχηγέτην
1067 2563 1156 2612 τοῦ
1185 2561 1349 2624 ’γένους

286 2635 451 2694 αὐτοῦ,
471 2653 518 2684 κ.
531 2653 577 2684 τ.
595 2643 648 2684 λ.

345 2718 368 2754 5
399 2711 632 2761 Versibus
667 2710 879 2773 Groecis]
914 2713 1112 2761 Extant
1156 2713 1207 2761 in
1246 2710 1349 2762 An·

281 2788 411 2837 tbol.
456 2802 542 2837 nr.
603 2791 684 2837 12.
721 2788 1114 2850 Epigrammata
1156 2789 1354 2839 Graeca

281 2864 532 2928 quinque,
565 2864 632 2912 de
671 2863 767 2912 boc
802 2872 1123 2925 argumento,
1163 2864 1230 2914 eis
1259 2866 1350 2925 τὴν

280 2939 565 3002 Ἀφροδίτην
604 2938 927 3003 ἀνερχομένην
967 2941 1060 2991 ἀπὸ
1089 2940 1350 3004 θαλάσσης,

283 3015 575 3079 Antipatri,
597 3015 825 3078 Arcbiae,
858 3017 1166 3075 Democriti,
1184 3017 1347 3068 Julia-

287 3092 357 3155 ni‚
380 3100 435 3139 et
462 3090 735 3139 Leonidae.
802 3092 880 3140 Tu
899 3107 985 3153 ea,
1008 3093 1049 3141 si
1075 3093 1234 3142 otium
1251 3100 1351 3155 est,

283 3170 519 3218 consule.
588 3168 742 3219 Habe
783 3170 990 3220 interim
1037 3185 1099 3220 ea
1145 3171 1350 3234 Latine,

286 3246 573 3296 exGrotio.
615 3244 884 3308 Antipatri
901 3247 1108 3311 quidem
1128 3248 1348 3298 Sidoniis

284 3324 301 3352 ⁶
322 3323 581 3371 Maternis
602 3324 821 3384 primum
843 3323 908 3371 de
931 3321 1173 3373 fluctibns
1186 3338 1349 3374 emer·

287 3406 500 3462 gentem
518 3397 715 3461 cyprin
740 3397 961 3462 Apelloei
981 3414 1139 3449 cerne
1163 3400 1351 3450 laboris

285 3490 437 3539 opus.
503 3475 580 3523 Ut
621 3476 856 3524 manibus
885 3478 1117 3526 mulcens
1149 3491 1351 3541 resper-

288 3565 370 3601 sos
410 3564 625 3614 aeqnore
660 3552 833 3600 crines
859 3552 937 3601 De
971 3552 1192 3602 madidis
1229 3568 1350 3616 spu·

290 3640 425 3676 mam
447 3626 594 3688 cogit
627 3626 767 3675 abire
790 3628 984 3676 comis!
1024 3628 1142 3678 Non
1166 3628 1260 3678 tibi
1286 3629 1352 3678 de

292 3703 460 3755 forma
486 3703 704 3765 posthac
734 3704 1071 3766 certabimus,
1106 3705 1232 3768 ipsm
1256 3706 1352 3755 Di·

290 3784 434 3839 cant,
458 3778 502 3826 si
522 3776 751 3839 videant,
763 3784 888 3828 nata
900 3794 1150 3844 sororque
1167 3779 1354 3831 Jovis.’

292 3852 534 3903 Arcbiaez
592 3853 909 3902 ‘Fallimur?
977 3869 1042 3903 an
1091 3856 1350 3904 Venerem

293 3928 483 3977 nirdam
525 3929 792 3991 spectavit
840 3927 1070 3992 Apelles,
1111 3931 1240 3980 Cum
1285 3930 1352 3981 de

294 4002 520 4051 coernleo
543 4011 784 4065 surgeret
809 4011 926 4052 orta
961 4004 1127 4053 mari?
1179 4006 1267 4055 Sic
1290 4006 1349 4054 il·

294 4077 392 4126 lam
419 4077 590 4139 pelagi
616 4077 782 4139 pinxit
803 4076 870 4126 de
895 4092 1012 4127 rore
1031 4078 1349 4130 madentemz

294 4153 440 4201 Ecce·
474 4166 674 4201 comam
713 4160 898 4202 tenera
933 4156 1097 4220 tergit
1135 4164 1352 4220 utraque

297 4226 485 4277 mano?
573 4229 893 4279 Democriti:
951 4230 967 4257 ‘
989 4231 1145 4282 Nuda
1176 4234 1353 4283 Venus

386 4304 405 4331 '
426 4309 600 4376 Delph.
615 4316 663 4360 et
687 4311 804 4362 Ver.
824 4313 955 4364 Clas·

1309 4314 1520 4366 Plinius.

1424 2106 1649 2156 Auratas
1682 2121 1862 2168 spuma
1884 2106 1949 2154 de
1970 2106 2122 2154 maris
2156 2105 2258 2154 uda
2294 2119 2488 2167 comas,

1421 2180 1624 2229 Taliter
1669 2180 1847 2243 AEgaeo
1889 2179 2108 2229 siccavit
2152 2178 2219 2227 ab
2275 2191 2483 2242 oeqnore

1424 2264 1646 2305 tractam
1662 2255 1937 2304 Caesariem
1959 2261 2140 2304 tenera
2157 2254 2374 2317 pulchra
2393 2267 2487 2316 per

1423 2345 1516 2380 ora
1538 2345 1725 2391 manu3
1763 2331 1964 2379 Extans
1986 2328 2232 2379 uberibus
2263 2343 2368 2394 qua
2400 2327 2483 2378 fas

1425 2413 1607 2457 tenus:
1644 2407 1773 2456 banc
1811 2407 1885 2456 ita
1924 2406 2004 2454 vel
2040 2406 2186 2454 Mars
2220 2404 2275 2453 Si
2309 2403 2487 2453 videat

1423 2484 1650 2544 subitus,
1675 2492 1889 2546 pectora
1908 2482 2087 2532 turbet
2112 2479 2289 2532 amor.'
2354 2480 2488 2532 Juli-

1424 2560 1509 2608 ani
1533 2575 1598 2608 ex
1626 2559 1891 2608 Praefecto
1913 2557 2222 2621 Augustali:
2248 2556 2267 2585 ‘
2280 2557 2358 2605 En
2378 2556 2483 2619 Cy-

1427 2637 1607 2685 therea
1631 2650 1812 2685 recens
1831 2635 1982 2685 maris
2005 2649 2035 2683 e
2060 2632 2369 2697 genitalibus
2392 2646 2486 2681 un·

1424 2711 1506 2760 dis
1531 2727 1545 2759 2
1585 2710 1813 2768 Lucinae,
1828 2711 2087 2775 ingenium
2111 2707 2239 2760 fecit
2265 2709 2484 2772 Apellis,

1424 2803 1576 2851 opuS.
1644 2787 1746 2835 Sed
1774 2789 1883 2836 cito
1903 2795 1956 2836 te
1975 2787 2151 2836 tabula
2169 2800 2400 2847 remove,
2420 2799 2483 2835 ne

1425 2871 1476 2915 te
1499 2864 1686 2928 irriget
1716 2863 1879 2912 imbre
1914 2864 2045 2914 Qnae
2083 2861 2214 2926 pluit
2237 2862 2486 2911 abstersis

1422 2958 1607 3007 spuma
1652 2944 1853 2990 marina
1889 2940 2070 2991 comis.
2134 2939 2194 2989 Si
2229 2940 2303 2988 sic
2341 2938 2486 2988 nuda

1422 3020 1601 3068 Venus
1619 3018 1770 3068 stetit
1791 3018 1843 3065 in
1868 3016 2152 3064 certamine
2174 3013 2314 3069 mali,
2329 3013 2489 3075 Troja

1425 3093 1564 3158 qiiod
1618 3091 1837 3148 interiit.
1886 3092 2062 3140 Pallas
2123 3088 2318 3153 iniqua»
2350 3086 2487 3136 fuit!

1427 3170 1667 3219 Leonida
1691 3168 1917 3233 denique
1933 3166 2233 3217 Tarentini:
2276 3163 2485 3215 ‘Adhuc

1426 3247 1489 3296 ab
1515 3246 1627 3309 ipso
1658 3246 1835 3294 matris
1863 3245 2114 3294 orientem
2132 3243 2273 3305 siun,
2297 3241 2487 3292 Adhuc

1425 3328 1744 3385 strepentem
1767 3334 1980 3384 spumeo
2002 3317 2201 3381 Cyprin
2240 3318 2369 3380 solo,
2390 3317 2488 3365 Vi-

1426 3397 1554 3446 dens
1578 3396 1807 3460 Apelles,
1827 3396 2077 3459 inclytum
2100 3393 2283 3444 formai
2306 3393 2487 3451 decus,

1426 3473 1548 3523 Non
1564 3473 1836 3522 aemulatus
1859 3480 1993 3533 arte,
2013 3470 2103 3519 sed
2125 3469 2293 3518 vivum
2316 3468 2487 3519 dedit.

1426 3549 1657 3598 Videsne
1703 3549 1913 3598 summis
1953 3546 2192 3596 manibus
2227 3553 2286 3594 ut
2327 3544 2486 3594 strin-

1427 3631 1516 3687 gat
1531 3638 1750 3684 comam,
1766 3624 2037 3687 Micetque
2055 3622 2194 3686 puris
2214 3619 2487 3683 fulgurans

1427 3699 1591 3747 oculis
1615 3713 1777 3761 amor,
1801 3699 2046 3747 Mensura
2077 3696 2217 3759 tangi
2242 3699 2488 3757 turgeant

1427 3781 1488 3824 nt
1510 3775 1700 3824 ubera!
1752 3774 1907 3823 Nunc
1928 3773 2043 3835 ipsa
2064 3770 2206 3821 dicat
2229 3770 2404 3818 Pallas
2428 3775 2488 3820 et

1427 3853 1612 3917 conjnx
1636 3853 1785 3905 Jovis
1808 3867 1822 3900 ε
1859 3850 2050 3901 Actum
2075 3855 2176 3911 est,
2199 3862 2297 3897 nec
2327 3848 2487 3911 ultra,

1424 3927 1659 3992 Jupiter,
1694 3924 2092 3978 contendimus?
2173 3925 2254 3974 En
2299 3925 2487 3989 quibus

1426 3998 1757 4063 carminibus,
1793 4011 1885 4053 ant
1923 4008 2067 4053 certe
2090 4002 2223 4052 haud
2245 4001 2491 4052 absimili·

1433 4078 1549 4137 bus,
1575 4079 1774 4129 Plinius
1791 4079 1984 4129 victum
2004 4079 2202 4143 Apellis
2215 4093 2377 4143 opus,
2395 4076 2489 4128 sed

1432 4156 1769 4219 illustratum,
1791 4155 1936 4206 dicit.

2202 4315 2358 4364 lsM
