3000 4917
899 395 1073 444 NAT.
1116 394 1316 443 nis‘r.
1369 395 1509 441 mn.
1555 394 1809 447 xxxv.
1851 381 1916 445 7.
2326 380 2502 446 4549

295 538 444 605 rio¹¹
494 542 643 607 aede
677 540 1020 619 Herculis,
1051 541 1336 606 Pacuvii
1363 540 1591 623 poetae
1622 540 1934 623 pictura-⁶
2007 536 2210 603 Ennii
2240 537 2502 603 sororei

295 645 563 726 genitus
594 645 703 709 hic
731 644 889 708 suit:
936 643 1416 725 clarioremque
1443 662 1594 707 eam
1626 646 1828 707 artem
1870 642 2112 709 Romae
2152 641 2317 707 fecit
2362 641 2504 724 glo·

291 747 397 810 ria
428 766 681 812 scenae.
768 748 1020 812 Postea
1065 765 1196 810 non
1246 752 1350 809 est
1395 752 1698 829 spectata
1721 755 1742 783 ¹
1787 744 2080 810 honestis
2107 745 2418 809 manibus
2440 768 2456 807 z
2476 744 2501 785 ὃ

294 849 434 912 nisi
462 850 636 913 forte
660 849 817 931 quis
838 849 1218 934 Turpilium
1248 849 1546 933 equitem
1578 847 1964 912 Romanum
1993 853 2244 912 nostrae
2277 846 2500 911 aetatis

293 971 334 1013 e
362 949 705 1016 Venetia²
750 953 917 1017 velit
958 952 1219 1026 referre,
1268 951 1605 1034 hodieque
1649 948 1954 1034 pulchris
1999 947 2146 1032 ejus
2186 948 2502 1031 operibus

294 1050 597 1118 Veronae
627 1055 1033 1119 extantibus.
1120 1054 1329 1119 Laeva
1359 1053 1420 1117 is
1450 1070 1653 1117 manu
1693 1053 1933 1136 pinxit,
1962 1051 2138 1135 quod
2184 1051 2270 1114 de
2312 1050 2501 1114 nullo

292 1161 455 1219 ante
485 1163 913 1221 memoratur.
981 1156 1224 1220 Parvis
1251 1155 1661 1238 gloriabatur
1691 1155 1978 1232 tabellis,
2010 1153 2349 1218 extinctus
2377 1171 2501 1216 nu-

290 1272 420 1339 per
465 1257 534 1319 in
583 1258 786 1338 longa
828 1264 1125 1334 senecta,
1154 1256 1492 1322 Antistius
1537 1257 1766 1321 Labeo
1789 1253 1845 1303 3³
1888 1255 2264 1339 praetorius»,
2295 1254 2500 1319 etiam

289 1360 781 1440 proconsulatu
810 1359 1181 1442 provinciae
1217 1358 1688 1424 Narbonensis
1731 1357 2028 1423 functus,
2119 1357 2251 1421 Sed
2281 1376 2365 1421 ea
2394 1375 2499 1420 res

289 1460 359 1522 in
390 1460 535 1524 risu
566 1468 634 1525 et
665 1463 1067 1526 contumelia
1099 1470 1264 1526 erat.
1354 1461 1517 1526 Fuit
1545 1468 1614 1525 et
1645 1460 2014 1544 principum
2047 1462 2336 1524 virorum
2365 1480 2500 1525 non

290 1559 746 1649 omittendum
801 1562 885 1626 de
940 1564 1203 1644 pictura
1252 1564 1516 1627 celebre
1566 1562 1941 1627 consilium.
2032 1560 2168 1640 Qu.
2225 1561 2500 1638 Pedius,

288 1681 506 1744 nepos
565 1661 702 1742 Qu.
760 1661 998 1729 Pediik
1055 1666 1440 1729 consularis
1491 1665 2063 1749 triumphalisque,
2123 1683 2165 1728 a
2222 1663 2497 1728 Caesare

293 1764 622 1829 dictatore
653 1768 1015 1832 cohaeredis
1040 1766 1356 1850 Augusto
1386 1768 1556 1846 dati,
1586 1788 1736 1832 cum
1769 1776 2005 1832 natura
2033 1773 2264 1831 mutus
2291 1771 2498 1843 esset,

290 1884 442 1929 eum
474 1865 780 1931 Messala
815 1874 1059 1946 orator,
1105 1889 1193 1933 ex
1237 1870 1435 1953 cujus
1463 1870 1722 1934 familia
1751 1870 1942 1952 pueri
1973 1870 2128 1934 avia
2160 1875 2321 1945 erat,
2355 1867 2498 1950 pic-

291 1975 506 2032 turam
529 1968 898 2035 docendum
925 1972 1209 2051 censuit,
1232 1972 1436 2058 idque
1466 1974 1664 2038 etiam
1690 1972 1912 2038 Divus
1938 1971 2287 2055 Augustus
2316 1989 2500 2035 com·

290 2071 631 2152 probavit.
721 2073 902 2138 Puer
952 2076 1173 2157 magni
1226 2076 1569 2159 profectus
1618 2076 1686 2138 in
1735 2095 1820 2139 ea
1865 2081 2008 2140 arte
2050 2075 2238 2138 obiit.
2330 2072 2500 2152 Dig-

289 2172 476 2236 natio
508 2182 733 2238 autem
780 2177 1126 2260 praecipua
1170 2175 1413 2243 Romae
1460 2172 1741 2241 increvit
1784 2175 1897 2260 (ut
1923 2171 2279 2258 existimo)
2308 2193 2352 2239 a
2393 2172 2494 2237 M.

289 2272 572 2339 Valerio
621 2275 817 2342 Max.
867 2277 1192 2356 Messala,
1238 2297 1395 2342 cum
1448 2277 1813 2362 princeps⁴
1857 2277 2154 2341 tabulam
2211 2276 2493 2360 picturae

288 2376 536 2460 praelii,
570 2398 705 2462 quo
738 2377 1327 2462 Carthaginienses
1356 2385 1425 2445 et
1473 2376 1879 2444 Hieronem¹
1921 2381 1990 2443 in
2039 2377 2277 2443 Sicilia
2308 2376 2496 2442 devi-

345 2550 373 2575 ⁰
407 2541 454 2591 A
479 2542 689 2591 Pacuvio
704 2543 864 2605 poeta,
885 2545 1132 2608 eodemque
1146 2544 1344 2606 pictore,
1365 2543 1649 2593 claborum·

285 2604 391 2720 rw:
404 2607 683 2722 figenti-bigitid
717 2613 899 2671 tempus
934 2623 1025 2657 uon
1044 2614 1118 2659 est
1137 2609 1517 2658 animadversum
1535 2615 1686 2658 arem
1706 2622 1811 2658 eam
1830 2607 2030 2658 tractari
2051 2608 2348 2659 honestorum
2368 2607 2494 2658 viro·

1214 2751 1577 2779 ‘manauco

350 2849 491 2898 CM».
517 2860 623 2900 vn.
693 2854 715 2900 1
756 2851 877 2901 Vct.
918 2851 1107 2901 Dalec.
1139 2856 1464 2903 tractatae-2
1497 2854 1620 2903 ‘Ita
1653 2851 1807 2902 codd.
1847 2852 2014 2915 Regg.
2048 2855 2097 2901 2.
2132 2855 2180 2900 3.
2217 2859 2274 2900 et
2314 2851 2492 2901 Editio

275 2914 570 2978 princeps?
608 2915 823 2964 Brotier.
890 2930 917 2965 e
947 2916 1150 2966 Venetia
1170 2923 1347 2967 nonme
1379 2918 1544 2968 «etatis
1565 2918 1796 2968 Gronov.
1827 2917 1893 2965 al.
1937 2923 2067 2965 vett.
2091 2915 2347 2965 Harduin.
2371 2918 2421 2964 1.
2439 2922 2490 2967 2.

286 2982 334 3028 3.
353 2985 410 3028 et
433 2983 756 3028 reeentt-—a
791 2980 873 3029 Ita
896 2996 962 3029 ex
985 2982 1137 3032 codd.
1160 2982 1462 3032 Harduinus
1484 2991 1541 3033 et
1566 2990 1791 3032 recenti.
1857 2981 2058 3029 Atei-ius
2077 2980 2237 3029 Labeo
2260 2980 2493 3033 Gronov.

288 3051 341 3093 et
364 3045 431 3092 al.
461 3048 690 3093 vem-4
727 3052 740 3072 ·
765 3046 886 3103 Cum
903 3046 1143 3111 princeps]
1196 3047 1273 3096 Ex
1292 3048 1394 3097 Ms.
1414 3048 1550 3112 Reg.
1567 3053 1616 3096 5.
1634 3054 1688 3096 et
1703 3046 1946 3095 Editione
1968 3045 2200 3107 principe
2218 3045 2490 3094 emendavi

285 3123 405 3159 eam.
476 3109 815 3173 Ineleganter
846 3111 895 3159 in
932 3113 1310 3162 recentioribus
1346 3111 1659 3162 editionibus
1697 3110 1794 3174 qui.
1864 3111 1928 3159 In
1974 3109 2104 3161 Mss.
2128 3109 2326 3167 Rea-2.
2361 3117 2416 3157 et
2437 3113 2489 3159 3.

286 3172 435 3223 deest
475 3189 601 3223 cum.
670 3174 827 3224 Forte
873 3177 1159 3240 scripserat
1201 3177 1420 3241 Plinius,
1478 3179 1524 3226 is
1559 3174 1810 3240 princeps!
1843 3174 2070 3223 Brotier.
2149 3175 2231 3237 qui
2268 3174 2490 3240 princeps

1284 3344 1500 3413 NoTAE

348 3437 371 3472 ¹¹
394 3439 457 3488 In
477 3439 606 3489 Foro
627 3441 829 3505 Boario]
844 3443 907 3492 P.
921 3443 1125 3505 Victor,
1139 3442 1347 3506 regione
1428 3441 1716 3492 Auctor-um
1740 3439 1942 3490 Indice.

285 3515 440 3564 Urbis
464 3523 654 3565 octava
678 3534 693 3566 ε
729 3518 745 3544 ‘
768 3519 957 3567 Forum
992 3518 1237 3568 Boarium
1262 3550 1277 3567 .
1295 3553 1309 3568 .
1330 3553 1345 3567 .
1491 3515 1516 3550 Β
1550 3519 1713 3582 Nepos
1736 3519 1832 3574 Qu.
1855 3517 2029 3583 Pedii]
2066 3515 2188 3573 Qui,
2225 3530 2400 3567 sorore
2424 3516 2486 3565 C.

287 3589 437 3638 AEdes
474 3591 719 3642 Herculis
754 3593 1047 3644 Victoris..
1069 3628 1083 3643 .
1123 3595 1174 3643 in
1211 3595 1345 3644 Foro
1421 3593 1553 3644 Julii
1575 3594 1796 3643 Caesaris
1831 3600 2138 3658 prognatus,
2161 3593 2486 3642 consulatum

283 3666 488 3728 Boario,
504 3671 813 3731 cognomine
832 3672 1054 3721 rotunda
1071 3680 1127 3721 et
1150 3670 1347 3736 parva.'
1426 3683 1543 3718 cnm
1598 3669 1891 3720 Octaviano
1945 3667 2249 3719 consobrino
2304 3666 2486 3729 gessit,

342 3742 357 3775 ¹
389 3744 548 3792 Ennii
588 3744 775 3809 sorore]
828 3748 1019 3797 Euseb.
1060 3749 1113 3797 in
1149 3750 1343 3799 Chron.
1426 3745 1606 3795 Hirtio
1634 3750 1690 3795 et
1722 3746 1892 3795 Pansa
1925 3744 2063 3808 apud
2099 3743 2357 3792 Mutinam
2383 3754 2486 3791 cai·

282 3818 496 3881 Olymp.
536 3822 650 3869 156.
718 3822 868 3871 Ennii
898 3831 1145 3887 nepotem
1176 3838 1243 3873 ex
1264 3839 1344 3873 so·
1425 3824 1525 3872 sis:
1561 3823 1984 3886 boereditatisque
2005 3822 2316 3871 Caesarianae
2334 3827 2485 3884 parte

282 3907 396 3941 rore
414 3893 572 3943 fuisse
590 3897 682 3946 ait.
751 3899 1057 3947 Numantini
1076 3899 1197 3949 belli
1217 3907 1346 3951 tem·-
1423 3914 1517 3948 sna
1540 3898 1830 3948 Octaviano
1853 3896 2090 3960 Augusto
2113 3897 2286 3947 cessit.
2354 3896 2486 3946 Haec

282 3970 493 4030 poribus
516 3972 725 4033 claruit,
760 3975 1086 4038 ‘Tragoedia
1119 3976 1345 4039 scriptor
1424 3976 1492 4025 de
1538 3989 1602 4026 eo
1642 3974 1879 4024 referunt
1906 3974 2122 4031 Tullius,
2157 3974 2486 4030 Patet-culus,

279 4046 590 4098 clarissimus
640 4050 905 4112 gravitate
952 4053 1344 4110 sententiarum,
1424 4052 1720 4108 Suetonius,
1740 4049 2034 4114 Appianas,
2057 4050 2174 4098 Dio.

283 4122 553 4172 verborum
567 4125 816 4187 pondere,
829 4132 884 4176 et
895 4129 1211 4178 auctoritate
1228 4143 1345 4193 per·
1489 4127 1503 4161 ¹
1542 4130 1608 4178 Et
1651 4126 1934 4188 Hieronem]
1989 4126 2361 4190 Syracusarum
2403 4138 2482 4175 re—

280 4199 550 4261 nouatum,'
567 4201 736 4264 inquit
755 4201 948 4252 Fabius
970 4217 1029 4253 x.
1055 4207 1103 4252 1.
1121 4218 1175 4269 p·
1197 4209 1313 4257 749.
1424 4220 1562 4272 gem,
1585 4206 1721 4256 bello
1746 4204 1948 4254 Punico
1969 4203 2151 4268 primo.

265 4348 268 4353 .
337 4273 355 4319 J
385 4276 633 4326 Antistius
646 4276 831 4343 Labeo]
859 4281 1108 4331 Dicemus
1121 4281 1188 4332 de
1207 4284 1341 4335 eoin
