3000 4917
789 401 852 447 c.
886 395 1126 449 euml
1175 395 1506 447 suevum
1559 401 1707 447 [ΑΒ.
1742 400 1823 449 11.
1853 386 2032 471 (41.)

313 543 496 606 script.
520 543 642 592 lect.
686 540 907 593 Pintiaa.
975 543 1237 591 Hominum
1258 556 1370 604 quo·

311 633 403 680 que
421 617 581 679 capitu
616 618 898 679 uespertinis
933 618 1086 681 horis]
1117 618 1204 666 ‘Sic
1233 617 1369 680 apud

311 693 588 755 Virgilium
623 693 824 742 AEneid.
849 707 911 742 11.
949 692 1044 741 sub
1077 694 1252 756 finem,
1285 707 1370 741 ca-

291 776 409 830 -put
444 768 546 816 Iuli
588 769 768 817 ardere
800 769 997 817 visum:
1032 773 1047 798 ‘
1069 771 1209 818 Ecce
1245 769 1373 817 levis

309 857 511 891 summo
533 843 601 892 de
628 844 823 894 vertice
846 845 983 891 visus
1008 844 1107 893 Iuli
1133 843 1371 892 Fundere

308 918 482 966 lumen
509 931 662 981 apex,
700 926 948 980 tactuque
986 919 1197 969 innoxia
1231 921 1372 969 molli

307 992 566 1042 Lambere
602 991 809 1043 flamma
848 1005 1037 1057 comas,
1075 1005 1132 1045 et
1174 997 1370 1046 circum

211 1091 222 1096 ·
311 1078 547 1135 tempora
573 1072 754 1134 pasci.'
786 1073 955 1123 Doleo.

490 1148 628 1197 CAP-
658 1161 904 1198 xxxvm.
969 1152 1050 1200 De
1069 1151 1198 1199 oiire.

296 1247 304 1254 -
379 1225 518 1279 Quod
536 1225 630 1272 alio
651 1228 838 1274 nomiae
860 1226 996 1289 oiim]
1033 1227 1368 1289 Elegantissi-

305 1300 379 1347 mi
402 1308 523 1349 sunt
542 1315 719 1348 versus
753 1302 968 1351 Pacuvii
991 1303 1041 1351 in
1067 1304 1279 1364 Chryse,
1302 1304 1368 1352 de

305 1376 462 1425 ae're:
516 1386 530 1407 ⁸
556 1376 675 1426 Hoc
712 1378 828 1427 vide
868 1380 1059 1428 circum
1106 1394 1367 1443 supraque

303 1454 447 1515 qnod
485 1455 759 1517 complexu
799 1462 939 1504 tenet
974 1455 1206 1510 Terram,
1228 1455 1364 1519 quod

305 1530 469 1577 nostri
494 1531 679 1579 coelum
720 1539 1028 1589 memorant,
1050 1531 1227 1581 Graeci
1254 1546 1364 1594 per-

302 1605 488 1658 bibent
512 1606 725 1655 aetbera.
792 1607 1054 1670 Quicquid
1084 1615 1167 1655 est
1188 1607 1303 1667 hoc,
1323 1607 1365 1655 is

304 1682 478 1730 omnia
499 1680 717 1744 format}
733 1682 942 1740 animat,
958 1691 1134 1746 auget,
1154 1683 1263 1743 alit,
1287 1697 1367 1732 se-

304 1759 398 1813 rit,
419 1759 640 1821 Sepelit,
677 1760 967 1823 recipitque
1006 1760 1056 1807 in
1096 1774 1151 1808 se
1174 1760 1364 1820 omnia,

302 1835 635 1898 omniumque
658 1835 791 1883 idem
816 1843 894 1883 est
913 1844 1082 1897 pater,
1105 1835 1367 1884 Indidem-

281 1922 408 1970 -que
434 1909 614 1958 eadem
648 1925 760 1973 quae
782 1911 1038 1971 oriuntur,
1060 1911 1126 1958 de
1159 1912 1365 1974 integro

303 1996 456 2045 aeque
479 1982 661 2032 eadem
702 1984 975 2034 occident?
1041 1985 1177 2034 Vide
1208 1997 1366 2048 supra

302 2067 468 2120 caput
496 2059 734 2122 primum,
748 2067 803 2109 et
823 2060 970 2108 Varr.
991 2060 1057 2109 de
1077 2062 1224 2124 Ling.
1241 2061 1363 2112 Lat.

300 2134 395 2184 lib.
420 2149 498 2184 tv.
534 2135 684 2183 Idem.

379 2210 523 2259 Inoni
541 2211 721 2274 simile]
756 2211 932 2260 Videri
972 2213 1108 2262 enim
1147 2219 1365 2277 propter

303 2287 576 2335 raritatem
602 2302 702 2336 non
728 2296 919 2350 potest.
954 2289 1105 2338 Idem.

285 2399 290 2404 -
375 2363 517 2422 Infra
537 2363 720 2412 Lanam
739 2364 839 2411 hoec
859 2366 987 2412 sedes
1000 2367 1146 2414 multo
1164 2365 1366 2424 inferior

304 2437 387 2503 (ut
425 2438 749 2487 animadverto
787 2442 1110 2503 propemodum
1152 2448 1366 2506 constare

303 2512 576 2577 infinitum)
598 2529 658 2562 ex
678 2516 918 2578 superiore
951 2521 1126 2565 natura
1155 2518 1297 2581 ue‘ris,
1315 2526 1366 2568 et

303 2590 485 2637 terreni
524 2591 702 2638 halitus
741 2592 957 2652 miscens,
1000 2597 1202 2656 utruque
1240 2600 1365 2643 sorte

303 2664 633 2727 confunditur]
657 2665 1043 2716 PlaniorIectio
1063 2684 1077 2716 z
1112 2669 1251 2728 bosra
1264 2671 1365 2720 Lu·

302 2755 418 2788 num
470 2740 570 2788 hoeo
603 2743 736 2790 sedes
776 2742 1008 2805 multoque
1044 2744 1241 2803 inferior
1282 2745 1365 2810 (ut

304 2817 629 2866 animadverto
660 2820 987 2881 propemodum
1018 2820 1253 2885 constare)
1291 2823 1363 2870 in·

289 2892 495 2955 finitum
514 2908 577 2941 ex
595 2896 832 2956 superiore
848 2899 1019 2944 nutura
1034 2897 1176 2957 aeris,
1198 2897 1362 2961 infini-

307 2973 412 3016 tum
432 2975 482 3018 et
505 2972 684 3018 terreni
713 2971 891 3019 halitus
918 2971 1137 3031 miscens,
1168 2977 1364 3034 utraque

308 3049 437 3092 sorte
457 3044 780 3103 confunditur.
857 3045 1191 3096 Attestantur
1214 3047 1362 3096 ambo

308 3120 642 3181 exemplaria.
681 3120 847 3168 Gelen.

297 3205 322 3242 .·
374 3194 508 3241 Hinc
529 3194 709 3253 nubila,
730 3196 938 3244 tonitrua
956 3201 1004 3244 et
1019 3197 1118 3244 alia
1128 3197 1362 3259 suintino]

306 3270 609 3331 Legendum
637 3278 781 3331 puto,
813 3276 860 3319 et
892 3271 976 3319 illa
1000 3272 1230 3334 fulmina,
1255 3274 1364 3321 vui-

309 3352 435 3407 gato
459 3360 599 3395 more
623 3346 846 3394 addendi
872 3347 923 3394 id
950 3362 1255 3411 pronomen,
1276 3348 1364 3397 ubi

307 3421 481 3481 agitur
503 3421 568 3470 de
590 3436 647 3469 re
668 3423 1018 3471 memoranda.
1075 3423 1364 3471 Fulminnm

304 3504 480 3545 autem
498 3497 753 3548 mirandos
768 3494 986 3545 effectus
1002 3505 1123 3559 pete
1143 3498 1208 3545 ab
1222 3498 1363 3546 Aris·

306 3573 488 3634 tutele,
505 3573 724 3632 Seneca,
758 3580 815 3621 et
853 3570 984 3621 infra
1007 3573 1195 3622 Plinio.
1247 3574 1364 3621 Pin-

307 3648 431 3698 tiun.
500 3648 633 3697 Hinc
653 3648 835 3710 nubilo,
853 3649 1081 3708 tonitruo,
1103 3655 1149 3702 et
1166 3650 1251 3697 illu
1262 3647 1363 3708 ful·

304 3725 463 3788 minu]
499 3724 833 3774 Enumeratio
854 3733 936 3774 est
959 3724 1366 3788 impressionum,

309 3816 427 3863 quae
465 3803 512 3849 in
549 3801 670 3850 aere
705 3800 855 3860 fiunt,
893 3814 960 3848 ex
1000 3814 1276 3862 congressu
1315 3809 1369 3850 et

309 3892 485 3940 pugna
501 3876 876 3926 contrariarum
910 3876 1228 3940 qualitatum.
1263 3876 1368 3926 Du·

314 3954 404 4001 lec.

479 4027 614 4076 Cae.
659 4036 856 4076 xxxix.
943 4027 1022 4075 De
1063 4026 1206 4075 scotis

657 4102 1027 4166 tempestatibus.

383 4179 746 4240 Tempanium,
763 4191 1009 4240 rerumque
1031 4177 1255 4239 quasdam
1271 4179 1371 4224 sta-

309 4263 390 4307 tas
411 4268 507 4305 esse
527 4251 713 4314 conos]
763 4253 929 4304 Status
958 4257 1258 4316 tempestates
1282 4265 1367 4302 vo·

2333 386 2507 453 4973

1447 546 1536 591 cat
1557 542 1864 605 simpliciter
1886 550 2027 593 ortus
2054 550 2109 594 et
2130 557 2340 593 occasus
2372 544 2507 594 side-

1447 634 1581 681 rum,
1602 621 1690 684 qui
1711 623 1869 670 certis
1889 621 2209 684 temporibus
2227 638 2288 672 ac
2310 623 2507 672 vicibus

1448 695 1686 743 oriuntur
1721 702 1777 745 et
1811 696 2088 746 occidunt:
2125 697 2366 747 fortuitas
2393 713 2507 762 quae

1447 771 1595 819 uuna
1616 778 1763 819 'certa
1782 772 1983 821 coelesti
2007 772 2206 823 ratione
2223 774 2511 836 gubernan-

1448 851 1552 894 tur.
1591 847 1744 896 Idem.

1518 921 1790 986 Trous‘itus]
1847 922 2142 972 Transitum
2181 921 2318 972 hunc
2354 924 2508 987 vuigo

1448 997 1747 1060 apertiones
1771 1004 2039 1061 portarum
2065 1006 2270 1047 vocant.
2306 999 2454 1048 Idem.

1509 1075 1573 1122 Ia
1594 1074 1808 1138 Suculis]
1843 1074 1975 1124 Sunt
1999 1082 2198 1137 septem
2223 1076 2389 1123 steliae
2417 1076 2510 1125 ob·

1444 1164 1629 1211 scnrae,
1656 1158 1847 1212 praeter
1886 1164 1999 1198 eam
2039 1164 2154 1213 quae
2189 1150 2456 1211 λαμπαδιὰς
2477 1166 2508 1200 a

1445 1224 1649 1273 Graecis
1674 1225 1884 1285 dicitnr,
1906 1227 2391 1289 connumeratisque
2413 1227 2506 1274 du-

1446 1301 1573 1350 abus
1606 1300 1671 1349 ad
1703 1309 1941 1351 exortum
1966 1316 2244 1361 cornuum3
2278 1303 2341 1350 iis
2366 1316 2508 1349 nam-

1443 1391 1545 1438 que
1567 1377 1766 1426 omissis
1790 1378 1874 1426 ani
1913 1378 2138 1441 quinque
2173 1384 2373 1427 tantum
2414 1393 2510 1427 nu·

1440 1462 1664 1515 merant,
1688 1456 1740 1503 in
1759 1455 1938 1517 capite
1956 1455 2120 1504 tauri:
2156 1461 2336 1517 estque
2357 1455 2511 1504 vehe-

1441 1544 1586 1579 mens
1610 1530 1752 1579 sidus
1777 1538 1917 1580 terra
1954 1546 2014 1581 ac
2052 1531 2199 1580 mari.
2268 1531 2390 1579 vid.
2412 1530 2508 1580 in‘f.

1441 1619 1604 1655 xvur.
1628 1612 1708 1656 26.
1729 1615 1784 1657 et
1810 1608 1973 1656 Henr.
1997 1607 2255 1656 Decimat.
2271 1606 2335 1655 de
2348 1606 2505 1655 stou.

1442 1695 1559 1742 pag.
1581 1685 1662 1731 31.
1686 1690 1739 1730 et
1765 1687 1875 1731 108.
1926 1683 2185 1731 Caeterum
2211 1681 2276 1730 de
2301 1683 2503 1730 univer·

1441 1769 1512 1803 sae
1553 1756 1698 1818 hujus
1739 1757 1866 1805 artis
1907 1756 2261 1805 inventoribus
2291 1757 2499 1807 Vitruv.

1440 1830 1643 1882 Archit.
1668 1846 1744 1881 nx.
1762 1837 1810 1881 8.
1869 1833 1973 1881 Ubi
1999 1839 2170 1881 tamen
2203 1835 2382 1895 procul
2406 1834 2500 1883 du·

1440 1908 1528 1958 bio
1551 1911 1845 1973 legendum,
1869 1911 1885 1938 ‘
1909 1910 2173 1972 Eudoxus,
2192 1911 2501 1974 Euctemon,

1439 1985 1710 2048 Caiippus‚
1747 1984 1968 2046 Meton‚’
2000 1988 2097 2034 διο.
2166 1984 2501 2034 Incertitudi-

1439 2076 1555 2110 nem
1580 2070 1749 2112 autem
1775 2068 1938 2121 notat,
1970 2075 2066 2110 nec
2089 2067 2256 2109 artem
2277 2060 2369 2109 sed
2394 2060 2498 2110 for·

1439 2136 1626 2186 tuitam
1668 2144 1868 2186 tantum
1906 2135 2344 2199 consignationem
2381 2151 2498 2187 esse

1436 2212 1710 2261 contendit
1747 2212 1996 2262 Geminus
2034 2210 2262 2273 εἷσαγωγ.
2291 2226 2344 2275 p.
2383 2217 2501 2263 209.

1437 2288 1525 2337 ubi
1568 2296 1739 2337 tamen
1777 2288 1988 2351 egregie
2032 2290 2262 2352 expiicat
2304 2292 2497 2338 metho-

1435 2364 1579 2423 dum,
1623 2379 1774 2428 quam
1815 2371 2018 2413 veteres
2046 2366 2143 2413 bac
2176 2365 2228 2414 in
2270 2379 2324 2414 re
2353 2365 2497 2414 iuda·

1436 2439 1607 2503 ganda
1629 2439 1998 2488 observavere.
2034 2440 2187 2489 Idem.

1597 2516 1734 2565 CAP.
1756 2528 1843 2564 xl..
1884 2517 1987 2564 ‘De
2003 2517 2052 2565 vi
2074 2517 2333 2565 Canicula.

1503 2591 1744 2640 Canicula
1779 2596 1948 2640 exortu
1984 2592 2176 2639 accendi
2211 2591 2356 2652 Solis,
2389 2593 2498 2657 ἔγω]

1425 2666 1615 2727 ,Νεςαῐ
1637 2647 1875 2728 profecto
1909 2665 2080 2727 magni
2114 2665 2250 2727 apud
2277 2672 2380 2713 vet.
2406 2681 2496 2715 no-

1436 2740 1587 2789 minis
1609 2740 2009 2789 Mathematicus
2044 2739 2294 2789 Geminns
2328 2741 2497 2789 auctis

1435 2816 1692 2864 nonnuliis
1705 2814 2013 2878 excogitatis
2028 2816 2327 2864 ratiunculis
2344 2815 2499 2878 εἰσαγ.

1440 2908 1491 2954 p.
1514 2897 1629 2941 221.
1667 2893 1739 2942 At
1763 2901 1942 2942 contra
1968 2894 2179 2941 Delrius
2206 2908 2358 2955 super
2372 2895 2495 2944 Seu.

1435 2969 1597 3030 Trag.
1622 2982 1732 3030 par.
1756 2969 1850 3016 ult.
1876 2982 1928 3029 p.
1949 2972 2029 3016 84.
2066 2968 2216 3015 Idem.

1506 3044 1702 3103 Origem
1712 3043 1918 3105 appellat
1928 3041 2348 3104 AEgyptusferum,
2357 3046 2495 3105 quium

1436 3117 1489 3165 in
1510 3122 1681 3166 exortu
1701 3117 1800 3176 <ius
1820 3120 1985 3166 eontra
2018 3121 2166 3176 stare,
2199 3123 2249 3165 et
2281 3120 2497 3166 contueri

1439 3193 1609 3255 tradit,
1628 3208 1684 3241 ac
1707 3195 1836 3241 velut
1857 3194 2054 3241 odorare
2085 3208 2191 3241 cum
2211 3196 2493 3258 sternuerit]

1428 3271 1633 3318 .Vocem
1657 3270 1813 3317 etiam
1842 3276 1964 3317 tunc
1987 3268 2196 3330 edebat,
2217 3283 2311 3317 nec
2331 3270 2380 3317 in
2406 3284 2497 3318 ex·

1439 3353 1556 3394 ertu
1595 3346 1842 3393 caniculas
1883 3351 2078 3393 tantum
2121 3345 2217 3393 boc
2250 3343 2496 3402 faciebat,

1440 3421 1533 3469 sed
1558 3421 1712 3470 etiam
1736 3420 1859 3469 solis
1883 3435 1943 3468 ac
1968 3421 2119 3468 lunae.
2156 3421 2225 3468 Et
2239 3434 2332 3468 cur
2350 3421 2496 3476 dicit,

1438 3513 1494 3545 ao
1529 3498 1659 3545 velut
1697 3498 1893 3545 adorare
1925 3511 2028 3544 oum
2065 3496 2319 3544 sternuerit
2338 3502 2359 3545 t
2410 3495 2495 3544 An

1442 3571 1669 3632 respexit
1686 3570 1749 3619 ad
1769 3584 1960 3619 morem
1981 3578 2228 3625 veterum,
2245 3585 2345 3632 quo
2363 3578 2496 3619 ster-

1440 3655 1662 3695 nuentes
1699 3660 1798 3694 non
1837 3653 2033 3694 tantum
2077 3644 2143 3692 ab
2167 3645 2241 3692 his
2267 3646 2350 3707 qui
2374 3647 2494 3693 ade-

1442 3729 1560 3771 rant
1613 3722 1986 3781 salutabantur,
2037 3716 2126 3768 sed
2181 3721 2336 3768 etiam
2394 3721 2495 3783 ipsi

1438 3799 1538 3847 sibi
1560 3799 1648 3861 qui
1669 3797 2004 3846 sternuebant
2022 3797 2194 3843 Deum
2214 3796 2494 3857 propitium

1441 3874 1796 3937 precabantur
1830 3880 1886 3920 et
1917 3870 2240 3920 adorabant?
2291 3872 2495 3920 Salmas.

1438 3953 1555 3998 474.
1589 3948 1726 3996 Vide
1748 3953 1802 3995 et
1824 3946 1958 3994 infra
1984 3956 2110 3993 vm.
2130 3949 2212 3992 53.
2486 4007 2489 4011 ,

1474 4025 1609 4073 Car.
1636 4036 1752 4071 xm.
1822 4021 1994 4070 Sidera
2026 4021 2076 4067 in
2107 4019 2221 4068 aliis
2251 4021 2494 4080 signorum

1531 4098 1767 4162 portibus,
1820 4102 1869 4145 et
1921 4094 2202 4158 temporibus
2251 4095 2370 4143 alias
2420 4097 2494 4144 in·

1524 4173 1698 4235 fluere.

1510 4251 1632 4299 Cum
1652 4245 2000 4311 tempestatibus
2019 4242 2207 4311 conflet]
2254 4245 2387 4294 Usus
2410 4248 2493 4294 est
