3000 4917
844 366 1021 416 uxr.
1068 366 1269 416 ms'r.
1315 367 1461 416 ma.
1512 367 1834 420 xxxvii.
1878 356 1946 419 9.

285 512 498 577 etiam
542 510 935 595 plerumque
979 510 1297 577 sessilesss
1382 510 1635 597 Aliqua
1671 518 1738 577 et
1772 514 1838 576 in
1872 511 2116 578 odore‘
2154 535 2485 581 commen-

284 613 475 678 datio
500 620 619 678 est.

375 731 497 780 lx,
545 715 895 782 Contraria
913 724 940 762 Β
986 717 1146 782 huic
1188 737 1402 783 cansa
1442 719 1826 802 crystallum
1871 720 2056 798 facit,
2096 721 2243 802 gelu
2288 724 2485 787 vehe-

281 818 614 882 mentiore
670 825 1008 883 concreto.
1102 819 1262 884 Non
1308 817 1601 885 aliubi¹h
1653 828 1827 886 certe
1881 823 2225 905 reperitur,
2280 843 2484 907 quam

279 920 406 984 nbi
436 920 732 984 maxime
761 920 1073 1003 hybernae¹
1094 922 1285 987 nives
1306 922 1551 1004 rigent:
1590 922 2003 1007 glaciemque
2022 922 2205 988 easei
2229 931 2482 989 certum

261 1029 428 1109 ‚este
472 1020 659 1085 unde
678 1030 753 1086 et
778 1021 1049 1087 nomenJ'
1083 1022 1308 1088 Graeci
1335 1023 1599 1088 dedere.
1688 1024 1924 1090 Oriens
1953 1030 2025 1090 et
2051 1025 2224 1092 hanc
2255 1027 2479 1106 mittit,

277 1124 607 1205 qnoniam
637 1123 892 1189 Indicae
913 1121 986 1161 ²¹¹
1023 1125 1205 1189 null-a
1229 1124 1589 1208 praefertur.
1679 1124 2001 1191 Nascitur
2042 1133 2113 1190 et
2153 1129 2219 1191 in
2264 1124 2483 1205 Asia‚¹

273 1223 616 1290 vilissima
659 1227 840 1291 circa
866 1226 1224 1290 Alabanda
1261 1232 1326 1288 et
1354 1224 1755 1305 Orthosiam,
1783 1226 2216 1312 finitimisque
2242 1231 2480 1294 monti-

266 1324 432 1405 bus,
458 1327 619 1391 item
649 1329 714 1391 in
747 1326 1004 1412 Cypro:
1053 1327 1168 1392 sed
1191 1327 1464 1392 laudata
1488 1329 1556 1391 in
1580 1327 1869 1412 Europae
1891 1337 1911 1376 ³
1935 1327 2214 1414 Alpium
2225 1331 2479 1414 jngiS.¹¹¹

337 1484 368 1518 δ’
402 1477 677 1542 Depressae.

1196 1554 1564 1578 OOOOOOOOO‘OO

344 1655 484 1704 CAP.
509 1668 588 1705 ix.
641 1660 667 1705 1
704 1654 834 1706 Cod.
859 1658 1037 1707 Dalee.
1071 1657 1302 1706 alibi.—2
1337 1655 1423 1705 Ita
1445 1670 1513 1704 ex
1535 1654 1689 1705 codd.
1717 1655 2019 1705 Harduinus
2046 1662 2100 1704 et
2126 1660 2348 1705 recentt.
2392 1658 2474 1705 red

271 1719 464 1769 Indica
486 1720 718 1773 Gronov.
736 1730 793 1772 et
818 1724 1088 1786 vulgg.-8
1122 1722 1253 1772 Cod.
1276 1721 1459 1771 Dalec.
1489 1722 1610 1771 item
1630 1721 1788 1784 Cypro
1808 1721 2018 1775 laudata,
2041 1724 2088 1769 et
2109 1721 2166 1770 in
2187 1722 2473 1783 Europe.—

1264 1866 1313 1916 N
1320 1864 1482 1917 OTAE

2317 357 2582 424 4805·

340 1961 361 1995 ¹
389 1963 569 2027 Aliqua
610 1968 660 2014 et
693 1964 747 2014 in
786 1962 950 2027 odore]
983 1964 1030 2015 E
1061 1964 1335 2014 muri-llinis

268 2039 529 2089 calicibus
551 2039 670 2089 vina
693 2039 968 2104 potabant,
998 2041 1134 2105 quod
1156 2055 1222 2089 ex
1246 2041 1334 2090 illo

265 2116 409 2165 vasis
431 2130 623 2178 genere
654 2118 934 2180 gratiorem
969 2132 1031 2168 ea
1067 2119 1332 2167 traherent

268 2204 534 2253 saporem.
587 2191 849 2242 Martialis
906 2205 1034 2241 xm.
1087 2196 1202 2242 113.
1248 2194 1329 2242 cui

274 2268 470 2316 lemma
491 2283 508 2318 r
558 2267 576 2294 ‘
602 2268 874 2332 Myrrhina
900 2269 941 2318 :'
973 2277 988 2299 ‘
1008 2269 1064 2318 Si
1108 2270 1339 2318 calidum·

270 2350 450 2406 potas,
489 2343 690 2394 ardenti
714 2345 919 2408 myrrha
945 2345 1169 2394 Falerno
1193 2345 1329 2394 Con·

269 2419 460 2469 venit:
517 2425 577 2470 et
633 2420 816 2469 melior
868 2419 929 2469 fit
994 2434 1151 2484 sapor
1207 2420 1327 2470 inde

267 2494 451 2544 mero!

328 2578 357 2615 8
393 2569 676 2633 Contraria]
712 2570 794 2622 Ad
830 2572 1039 2621 verbnm
1077 2573 1191 2622 haec
1229 2572 1324 2621 Isi·

266 2648 425 2698 dorus
442 2649 542 2699 loe.
557 2650 651 2699 cit.
687 2650 759 2699 Et
774 2653 982 2713 capas.
1006 2652 1020 2676 ⁸
1037 2650 1322 2713 crystallus

259 2726 601 2788 resplendens
624 2733 680 2775 et
701 2740 921 2789 aquosus
944 2726 1136 2775 colore.
1199 2727 1321 2774 Tra-

261 2799 405 2848 ditur
425 2800 565 2863 quod
588 2799 676 2847 nix
714 2800 778 2849 sit
809 2800 973 2862 glacie
1004 2801 1190 2848 durata
1225 2814 1322 2862 per

261 2888 443 2924 annos.
505 2874 659 2924 Unde
678 2883 734 2924 et
752 2888 936 2924 nomen
957 2874 1004 2923 ei
1030 2874 1206 2925 Graeci
1230 2874 1315 2924 de-

260 2949 424 3000 dere!
493 2951 687 2999 Statius
724 2951 848 3000 item
883 2952 935 2998 in
974 2951 1318 3013 Epithalamio

256 3019 436 3077 Ste'uae
464 3043 479 3074 2
516 3026 533 3053 ‘
558 3026 802 3090 Raraque
835 3027 1085 3089 longaevis
1120 3027 1320 3077 nivibus

256 3104 508 3168 crystalla
562 3102 758 3166 gelati?
831 3103 1028 3152 Seneca
1081 3103 1318 3153 Natural.

261 3181 468 3233 Quaest.
501 3194 590 3229 ιιι.
626 3184 708 3230 26.
747 3182 763 3209 ⁴
788 3180 916 3231 Quis
947 3194 1046 3229 non
1081 3181 1316 3244 gravissi·

255 3272 366 3306 nias
390 3269 509 3305 esse
533 3270 691 3320 aquas
713 3256 912 3317 eredat,
946 3270 1062 3321 quae
1097 3257 1148 3305 in
1172 3270 1313 3321 crys-

253 3333 440 3383 tallum
476 3330 697 3382 coeunt?
764 3332 957 3381 Contra
995 3338 1165 3381 autem
1195 3340 1310 3383 est:

252 3408 569 3459 tenuissimis
613 3408 746 3456 enim
803 3408 899 3456 hoc
942 3410 1135 3465 evenit,
1184 3422 1311 3472 quas

249 3484 415 3549 frigus
446 3485 514 3532 ob
544 3484 706 3547 ipsam
733 3485 1040 3533 tenuitatem
1072 3482 1312 3533 facillime

250 3562 414 3625 gelat.
503 3560 654 3609 Unde
704 3569 877 3609 autem
916 3558 1010 3609 fiat
1054 3560 1310 3624 ejusmodi

246 3637 402 3702 lapis,
438 3637 578 3701 apud
621 3636 835 3685 Graecos
867 3650 932 3685 ex
956 3638 1067 3701 ipso
1101 3639 1311 3689 nomine

248 3722 501 3779 apparet:
548 3711 851 3776 κρύσταλλον
885 3714 1020 3762 enim
1041 3716 1309 3779 appellant

246 3805 395 3856 aque
411 3790 546 3840 hunc
561 3791 878 3855 perlucidum
896 3791 1141 3855 lapidem,
1157 3808 1307 3858 quam

247 3866 388 3916 illam
434 3866 676 3931 glaciem,
731 3881 797 3915 ex
841 3882 941 3931 qua
984 3867 1095 3916 fieri
1139 3868 1305 3917 eredi-

247 3942 367 4004 tur‚’
401 3945 503 3992 ὅτε.
587 3942 810 3995 Basilius
860 3957 1084 4007 queque,
1129 3945 1302 3995 homil.

246 4024 295 4068 3.
341 4019 394 4067 in
432 4017 690 4069 Hexa‘e'm.
733 4034 853 4083 pag.
892 4024 975 4069 34.
1041 4022 1301 4073 Diodorus

242 4095 445 4144 Siculus
471 4095 613 4144 Bibl.
646 4095 737 4144 lib.
763 4108 825 4144 n.
862 4110 979 4159 pag.
1007 4101 1117 4147 184.
1157 4113 1298 4162 erys-

244 4172 419 4220 tullum
446 4172 524 4220 ait
545 4170 753 4235 quidem
778 4185 842 4219 ex
873 4186 1008 4234 aqua
1030 4173 1301 4236 purissima

241 4248 292 4296 in
314 4248 537 4312 glaciem
572 4246 812 4296 indurata
835 4249 1161 4298 coalescere=
1195 4263 1298 4298 non

1409 1963 1620 2028 quidem
1643 1976 1672 2011 a
1695 1960 1905 2026 frigore,
1929 1961 2019 2012 sed
2042 1960 2200 2011 divini
2223 1961 2357 2024 ignis
2378 1975 2467 2024 po-

1411 2043 1594 2092 tentia.

1468 2117 1493 2151 ¹·
1529 2119 1642 2166 Non
1664 2117 1835 2181 aliubi]
1871 2114 1935 2166 Id
1972 2129 2095 2164 vero
2128 2114 2214 2163 alii
2255 2121 2461 2174 negant.

1405 2193 1790 2244 utMarbodeus
1805 2188 2011 2247 cecinit,
2033 2191 2099 2240 de
2117 2189 2301 2253 Lapid.
2316 2185 2463 2239 P'ret.

1402 2288 1519 2337 cap.
1551 2278 1633 2324 23.
1659 2280 1675 2300 ‘
1701 2274 1829 2321 Pars
1852 2277 2028 2334 negat,
2064 2276 2117 2317 et
2141 2267 2312 2317 multis
2346 2281 2460 2330 per-

1400 2349 1580 2398 hibent
1619 2348 1671 2397 in
1706 2346 1941 2410 partibus
1978 2343 2115 2392 orbis
2147 2343 2459 2405 Crystallum

1403 2426 1566 2484 nasci,
1613 2438 1714 2488 qua
1748 2434 1846 2470 non
1882 2421 1956 2469 vis
1980 2419 2190 2482 frigoris
2228 2419 2331 2467 ulla
2364 2426 2462 2486 est,

1402 2502 1522 2551 Nec
1545 2500 1779 2563 glacialis
1813 2495 2028 2559 ltyems,'
2062 2498 2162 2543 &c-
2214 2494 2461 2557 Sequitur

1400 2591 1587 2638 nempe
1606 2574 1859 2632 Solinum,
1881 2587 1996 2635 cap.
2025 2576 2101 2620 15.
2126 2586 2177 2633 p.
2198 2575 2278 2619 86.

1465 2652 1478 2685 ¹
1501 2651 1802 2713 Glociemque
1818 2648 1938 2710 esse]
1957 2646 2191 2695 Glaciem
2208 2644 2460 2707 intellige,

1397 2742 1500 2777 nen
1518 2728 1780 2778 coelestem
1800 2736 2001 2788 aquam,
2023 2724 2075 2771 in
2093 2721 2298 2770 extimis
2316 2735 2462 2769 men·

1398 2805 1525 2854 tium
1570 2804 1733 2868 jugis,
1786 2800 1878 2850 sed
1924 2813 2135 2848 siiecum
2182 2799 2356 2859 potine
2402 2796 2456 2844 in

1396 2886 1551 2930 terrae
1573 2878 1874 2935 visceribus,
1909 2884 2067 2938 atque
2089 2874 2227 2922 inter
2252 2880 2451 2927 cautes,

1393 2957 1469 3006 uti
1512 2971 1630 3005 mox
1671 2955 1890 3011 dicetur,
1926 2948 2310 2998 vehementiore
2332 2947 2450 3008 gelu

1391 3039 1718 3082 concretam:
1744 3027 1946 3091 frigoris
1967 3026 2014 3074 vi
2039 3023 2449 3087 conglutinatum

1391 3115 1444 3157 et
1468 3115 1724 3158 coactum.

1446 3183 1466 3227 3
1508 3185 1643 3233 Unde
1663 3187 1711 3230 et
1731 3177 1921 3240 nomen]
1955 3175 2272 3240 Κρύστολλος
2291 3190 2322 3224 a
2356 3172 2449 3223 fri-

1389 3275 1534 3325 gore,
1556 3259 1648 3309 ἀπὸ
1668 3258 1755 3307 τοῦ
1777 3254 1963 3319 κρύους.

1449 3335 1475 3371 ¹¹
1511 3335 1747 3393 Quoniinn
1779 3328 1983 3392 Indicae]
2013 3327 2148 3377 Vide
2188 3328 2356 3378 Notas
2388 3331 2450 3375 et

1385 3412 1603 3463 Emend.
1626 3425 1759 3459 num.
1782 3412 1831 3456 4.
1877 3407 2032 3457 Nunc
2050 3418 2144 3468 per
2158 3404 2443 3452 universam

1382 3488 1587 3538 Indiam
1636 3483 1850 3548 reperiri
1894 3483 2087 3531 null‘am
2144 3479 2440 3544 crystallum

1383 3568 1548 3616 aiunt.
1635 3563 1817 3613 Fuisse
1862 3559 1983 3608 olim
2026 3557 2320 3605 luculentus
2362 3563 2443 3604 est

1383 3648 1570 3694 auctor
1586 3639 1771 3690 Strabo
1793 3636 1882 3686 lib.
1904 3648 1996 3683 xv.
2017 3649 2068 3697 p.
2084 3635 2200 3682 717.
2235 3631 2441 3680 Solinus

1385 3719 1529 3773 item,
1568 3725 1623 3765 et
1659 3710 1995 3771 Marbod'eus,
2035 3704 2278 3756 laudandi
2308 3704 2439 3753 infe·

1385 3795 1510 3849 rius,
1533 3806 1646 3854 cap.
1673 3794 1768 3838 15.-

1447 3866 1462 3900 ¹
1494 3865 1729 3916 Nascitur
1757 3867 1805 3911 et
1832 3860 1887 3909 in
1909 3856 2054 3919 Asia]
2084 3855 2289 3904 Solinus
2324 3869 2438 3917 cap.

1387 3950 1462 3993 15.
1488 3959 1538 4006 p.
1563 3945 1646 3990 36.
1665 3941 1717 3989 in
1738 3935 1971 3999 Scythia.
2003 3932 2192 3981 Strabo
2216 3930 2304 3978 lib.
2339 3944 2435 3979 xv.

1383 4036 1435 4085 p.
1457 4023 1572 4069 541).
1592 4018 1645 4067 in
1667 4011 2013 4077 Cappadocia.
2049 4009 2129 4058 De
2152 4006 2435 4056 Alabandis

1382 4093 1744 4155 Orthosiaque,
1762 4101 1818 4137 v.
1839 4089 1920 4136 29.

1444 4176 1482 4203 ¹·
1512 4161 1876 4230 Alpiamjugis]
1913 4160 2003 4209 Sic
2024 4156 2264 4208 Isidorus
2281 4156 2433 4220 Orig.

1381 4260 1503 4297 xvt.
1527 4249 1607 4295 13.
