3000 4917
500 325 674 391 4522

504 498 618 534 vem
630 483 795 547 ipsum
808 482 1181 547 Pompeianum
1200 499 1231 534 a
1242 484 1457 534 Claudio
1470 485 1558 535 da·

503 559 750 615 dicatum,
770 564 827 609 et
845 548 887 608 ‘a
910 558 1201 619 vicinitate,
1219 574 1555 625 quaecnmque

502 635 707 684 demum
728 649 792 684 ea
813 636 900 691 sit,
925 635 1145 685 traxisse
1172 649 1358 687 nomen
1384 637 1558 686 admo·

503 723 702 759 nemur.
767 709 954 774 Itaque
998 710 1141 774 apud
1178 711 1241 761 P.
1290 712 1556 762 Victorem

501 785 608 848 legi
629 785 765 835 haud
789 785 946 835 dubie
969 787 1132 836 satius
1162 788 1326 836 multo
1359 786 1556 837 fuerit:

505 863 520 890 ‘
543 862 819 913 Theatrum
845 863 996 912 Balbi
1022 895 1036 910 .
1055 896 1071 913 .
1086 893 1102 911 .
1117 894 1133 910 .
1148 862 1382 927 Jupiter,
1404 877 1557 927 quem

505 937 751 988 Claudius
772 939 948 989 Caesar
981 934 1268 1001 dedicavit,
1303 945 1357 987 et
1380 941 1560 1003 appel·

495 1014 640 1083 ⁴lutm·
665 1030 697 1064 a
734 1015 1002 1065 vicinitate
1034 1015 1248 1079 Jupiter
1286 1016 1560 1080 Pompeia-

506 1089 642 1140 nus.’

521 1201 528 1206 -
568 1171 618 1216 6.
642 1166 911 1216 Gar-xlx.
948 1168 1227 1231 Olympiade
1243 1168 1493 1218 LXXXI
1500 1169 1562 1218 V.

500 1242 695 1293 circiter
733 1244 886 1294 CCC.
914 1249 1087 1292 nostre
1125 1244 1269 1293 Urbis
1292 1245 1440 1308 anno]
1477 1245 1561 1294 Ita

506 1319 634 1380 Reg.
656 1322 707 1368 2.
727 1331 846 1380 non,
859 1326 918 1367 ut
934 1318 1206 1383 editi,LX
1204 1320 1323 1369 XX
1321 1321 1430 1369 ΙΙΙ.
1470 1321 1560 1372 In·

504 1392 634 1443 cidit
668 1408 825 1458 porro
862 1394 1134 1459 Olympias
1156 1410 1220 1445 ea
1240 1410 1481 1447 Lxxxm.
1507 1398 1560 1446 in
1594 1385 1602 1400 ⁰

504 1483 691 1519 annum
715 1469 877 1519 Urbis
899 1470 1127 1521 conditae
1148 1485 1328 1523 ccclx.
1386 1474 1561 1525 Quare

506 1551 657 1595 caute
684 1544 881 1596 Plinius
900 1546 1094 1596 circiter
1116 1547 1266 1597 dixit.
1335 1578 1342 1583 ‹

566 1626 617 1671 7.
650 1622 789 1674 Ibid.
855 1624 1036 1687 Myron
1072 1624 1296 1689 Lycium]
1342 1625 1560 1675 Senten-

1103 343 1321 391 NOTAE
1367 342 1458 390 ΕΤ
1509 342 2103 393 EMENDATIONES

1637 485 1763 536 tiam
1788 485 1934 548 hujus
1967 486 2066 535 loci
2097 500 2211 536 esse
2241 484 2481 551 diximus,
2505 492 2566 538 ut
2588 487 2688 539 Po·-

1635 560 1828 625 lycleto
1849 559 2085 624 Argium,
2113 571 2438 627 ceterosque,
2468 564 2545 613 sic
2575 566 2691 629 My·

1636 637 1749 685 roni
1788 636 2022 699 ,Lycium
2072 638 2382 703 discipulum
2435 639 2692 688 extitisse.

1638 711 1779 761 Libri
1799 727 1978 761 omnes
2015 713 2266 763 hactenus
2288 714 2417 763 editi
2439 714 2694 777 Myronem

1636 790 1837 854 Lycium
1874 805 1982 854 prae
2030 805 2086 840 se
2126 791 2321 847 ferunt,
2358 799 2416 841 ut
2454 791 2695 840 videatur

1639 881 1756 916 esse
1779 867 2055 927 sententia,
2082 882 2230 931 oeque
2253 867 2514 931 Polycleti
2537 866 2696 915 disci-

1641 943 1815 1005 pulum
1855 943 2128 1006 Myronem
2165 939 2328 992 fuisse
2358 956 2387 990 e
2410 942 2573 1005 Lycia
2594 941 2698 990 ori·

1642 1017 1854 1076 undum,
1883 1025 2043 1082 atque
2075 1025 2282 1067 ceteros
2319 1024 2441 1065 ante
2472 1016 2696 1066 recensi·

1637 1099 1738 1143 tos.
1803 1093 1905 1143 Sed
1931 1101 2276 1158 praeterquam
2300 1094 2439 1158 quod
2464 1093 2594 1142 Mss-
2610 1106 2698 1143 ao·

1637 1167 1778 1219 dices
1804 1169 1938 1233 Reg.
1960 1173 2007 1218 2.
2022 1176 2076 1218 et
2093 1169 2245 1218 Com.
2261 1172 2321 1219 3.,
2337 1169 2697 1225 adversantur,

1637 1245 1691 1294 in
1722 1244 1907 1309 quibus
1941 1245 2121 1308 Myron
2154 1244 2356 1308 Lycium
2392 1244 2615 1307 legitur:
2639 1250 2697 1292 et

1637 1323 1909 1386 Myronem
1942 1337 2009 1371 ex
2036 1322 2273 1385 superius
2288 1323 2400 1385 jam
2425 1320 2698 1370 recensitis

1639 1412 1755 1447 esse
1779 1398 2108 1461 perspicuum
2132 1405 2232 1457 est,
2251 1404 2307 1447 et
2328 1397 2545 1462 Lycium
2571 1409 2698 1459 pau-

1639 1473 1692 1522 lo
1736 1480 1854 1536 post
1903 1473 2140 1536 Myronis
2183 1473 2493 1536 discipulum
2536 1470 2697 1521 fuisse

1640 1549 1812 1599 verbis
1835 1549 2101 1613 conceptis
2127 1546 2429 1610 affirmatur,
2449 1549 2551 1597 hoc
2580 1546 2695 1610 ipso

1641 1639 1762 1690 cap.

1118 1795 1133 1817 ‘
1159 1790 1245 1839 Da
1281 1787 1462 1865 Ausus
1498 1787 1831 1838 ΑιιιιιΑιιιιιιι
1864 1788 2083 1846 Macar,

622 1866 707 1917 Ad
730 1868 821 1917 illa
843 1869 1001 1918 Plinii
1026 1869 1184 1919 verba
1205 1884 1322 1933 cap.
1348 1872 1424 1921 19.
1447 1875 1463 1898 ‘
1487 1869 1788 1920 Centesima
1809 1875 1995 1934 quarta
2017 1866 2581 1943 decima-Olympiade,

929 1950 1185 2013 Lysippus
1207 1949 1326 2008 fnit,
1348 1965 1463 1999 cum
1486 1957 1545 1999 et
1569 1949 1868 1999 Alexander
1890 1948 2156 2012 Magnus,’
2176 1948 2275 1999 &c.

569 2078 846 2127 Sententia
911 2079 1090 2128 horum
1151 2081 1423 2131 verborum
1463 2087 1565 2144 est,

508 2161 633 2204 tunc
688 2152 923 2204 floruisse
979 2155 1284 2220 Lysippum,
1337 2171 1474 2207 cum·
1510 2166 1565 2208 et

505 2229 807 2281 Alexander
828 2231 1051 2294 Magnus
1073 2230 1318 2294 floreret3
1353 2248 1452 2283 uon
1474 2248 1566 2284 au-

507 2312 613 2355 tem
639 2313 761 2355 tnnc
783 2304 1019 2355 floruisse
1042 2308 1210 2370 illum,
1232 2316 1323 2358 ant
1345 2309 1461 2373 ipso
1477 2325 1567 2359 an-

504 2395 592 2444 no,
628 2395 731 2445 quo
761 2381 859 2431 iste
883 2397 1180 2447 supremum
1203 2383 1338 2434 diem
1364 2385 1567 2441 clausit,

505 2465 565 2506 ut
609 2471 819 2507 neeesse
863 2465 945 2506 est
982 2457 1178 2514 dicere,
1215 2460 1258 2508 si
1302 2460 1565 2524 vulgarem

507 2533 878 2596 Olympiadem
922 2534 1179 2584 calculum
1236 2542 1446 2586 secutus
1484 2541 1570 2585 est

506 2609 743 2669 Plinius3
781 2617 890 2673 aut,
917 2617 977 2658 ut
1007 2611 1140 2659 olim
1158 2611 1566 2675 conjiciebamus

509 2685 665 2748 paulo
689 2685 995 2746 timidiores,
1019 2689 1182 2751 primo
1206 2689 1317 2751 ipso
1339 2688 1567 2751 Alexan-

509 2759 589 2807 dri
612 2774 781 2809 anno:
820 2760 911 2808 sed
941 2760 1053 2823 jam
1079 2763 1193 2825 ipso
1218 2763 1283 2813 ab
1308 2764 1569 2831 annisali-

505 2844 649 2900 quot,
693 2849 881 2898 nempe
920 2837 985 2885 ab
1020 2838 1167 2887 annis
1201 2852 1315 2899 sex,
1350 2845 1408 2888 ut
1445 2854 1567 2897 mox

508 2910 789 2969 constabit,
820 2925 1033 2974 regnum
1057 2912 1450 2962 Macedonicum
1475 2914 1568 2963 ad·

507 2988 852 3037 ministrante.
909 2984 1044 3035 Nam
1069 2988 1141 3037 sie
1163 2988 1341 3050 etiam,
1359 2989 1402 3037 si
1428 2996 1567 3038 teste

506 3074 634 3124 opus
668 3068 749 3111 est
785 3063 835 3111 in
878 3075 934 3111 re
969 3064 1263 3126 perspicua,
1296 3063 1568 3127 Interprcs

509 3138 741 3188 Gallicus
774 3138 932 3189 verba
954 3139 1112 3188 Plinii
1143 3138 1423 3198 intellexit,
1446 3155 1566 3204 qnae

508 3216 585 3264 sic
620 3216 919 3265 transtulit:
967 3217 1235 3265 Exlocent
1257 3215 1570 3278 quotorziems

513 3293 812 3356 olympiade,
835 3291 1073 3354 Lysippus
1101 3291 1222 3340 &coit
1250 3307 1308 3342 en
1338 3291 1459 3348 atre,
1477 3295 1568 3341 du·

507 3372 621 3415 rant
666 3368 709 3415 le
752 3381 896 3426 regns
930 3364 1253 3415 d’Alexandre
1286 3368 1328 3415 le
1380 3367 1570 3416 (ἕνεκα.

509 3444 644 3493 Hae
681 3441 841 3491 verba
871 3448 1018 3490 certe
1058 3455 1158 3490 non
1198 3442 1441 3505 primum,
1477 3457 1569 3492 ne·

511 3518 631 3567 dum
657 3531 974 3580 supremum,
1010 3517 1101 3565 sed
1126 3530 1286 3566 anuos
1309 3518 1570 3580 Principis

508 3594 847 3643 decurrentes
899 3593 1191 3669 designant.
1254 3592 1437 3643 Annos
1479 3606 1571 3642 au·

463 3728 465 3730 v
513 3675 618 3720 tem
658 3669 867 3718 omnino
894 3650 1113 3731 triginta
1136 3682 1383 3732 regnasse
1409 3668 1569 3719 Alex-

515 3746 729 3796 andrum
746 3746 938 3794 nummi
956 3745 1154 3809 antiqui
1174 3746 1417 3806 clamant,
1443 3752 1573 3795 tam-

512 3823 612 3872 etsi
672 3821 721 3868 id
775 3822 895 3869 olim
922 3833 1046 3869 non
1096 3819 1572 3879 animadvertimus,

515 3898 676 3946 veriti
694 3895 893 3958 lougius
910 3896 975 3944 ab
995 3893 1421 3959 Antiquariorum
1442 3911 1574 3960 prae·

513 3979 771 4035 concepta
826 3970 1090 4033 opinione
1121 3972 1412 4021 discedere.
1498 3973 1574 4024 At

513 4063 651 4098 nunc
675 4049 879 4096 demum
903 4046 1109 4096 detecta
1127 4047 1201 4096 rei
1219 4049 1458 4104 veritate,
1482 4062 1572 4098 au-

513 4139 607 4174 nos
642 4123 964 4187 principatus
999 4123 1226 4173 omuino
1239 4123 1466 4175 tricenos
1499 4127 1571 4175 A·

513 4198 765 4254 lexandro
805 4199 1000 4262 Magno
1038 4212 1154 4249 eum
1189 4199 1408 4248 nummis
1439 4202 1573 4251 anti·

1639 2080 1754 2146 quis
1795 2086 2097 2130 constanter
2131 2079 2441 2139 asserimus;
2481 2077 2611 2127 etin
2636 2092 2702 2127 eo

1641 2169 1889 2206 annornm
1932 2156 2098 2218 ipsius
2148 2169 2362 2203 numero
2418 2153 2700 2203 statuemlo

1639 2232 1857 2281 mirifice
1892 2245 2011 2281 cnm
2046 2232 2151 2280 illis
2188 2230 2487 2281 consentire
2512 2231 2700 2279 sacras

1641 2309 1870 2368 Literas‚
1900 2307 2153 2357 calculum
2185 2306 2553 2370 olympiadum
2591 2305 2701 2354 Ru-

1640 2387 1875 2448 nianum,¹
1911 2383 2173 2434 defectum
2206 2383 2431 2446 denique
2470 2383 2635 2434 Lunae
2672 2394 2704 2431 a

1639 2461 1815 2511 Plinio
1845 2475 1908 2510 ea
1940 2460 2027 2509 die
2063 2467 2388 2519 annotatum,
2418 2472 2524 2521 qua
2551 2457 2703 2508 Dari·

1641 2552 1724 2587 nm
1749 2537 1874 2586 vicit
1895 2535 2212 2586 Alexander.
2278 2535 2414 2584 Nam
2430 2533 2541 2581 liaec
2557 2540 2703 2582 certe

1640 2612 1954 2661 numismata
2011 2609 2231 2659 vidimus
2288 2607 2571 2657 Alexandri
2620 2607 2701 2657 M.

1641 2703 1756 2737 cum
1789 2700 2004 2736 numero
2041 2698 2289 2734 annorum
2321 2683 2486 2746 ipsius
2507 2680 2703 2742 princi·

1680 2770 1815 2813 atus.

1642 2779 1677 2827 p
1709 2844 1756 2889 1.
1791 2839 1965 2901 Caput
1982 2833 2271 2886 Alexandri
2298 2832 2477 2897 Magni
2497 2788 2704 2882 leonina

1645 2915 1781 2978 pelle
1805 2921 2022 2962 tectum.
2042 2910 2567 2976 .)(.AAzxANA1>o'r.
2609 2908 2703 2961 Ju-

1642 2989 1784 3053 piter
1806 2990 1976 3047 sedet,
2015 2987 2205 3036 dextra
2233 2986 2476 3049 aquilam,
2497 2984 2703 3032 sinistra

1644 3065 1843 3114 hastam
1881 3063 2033 3126 gerit.
2098 3061 2164 3111 In
2186 3060 2452 3110 cathedras
2475 3059 2702 3111 interco-

1642 3143 1836 3190 lumnio
1889 3147 1947 3189 §-
2003 3139 2235 3189 Phthiam
2301 3138 2534 3191 denotat,
2590 3135 2703 3184 sive

1643 3217 1929 3267 Phthioffla
1951 3216 2003 3264 in
2019 3215 2301 3263 Thessalia.
2366 3214 2562 3261 Latere
2577 3210 2703 3260 dex-

1644 3299 1726 3343 tro
1745 3299 1805 3341 Δ.
1827 3305 2012 3340 annum
2035 3296 2255 3354 quartam
2270 3287 2551 3353 siguificat.
2605 3287 2704 3336 Ar-

1646 3375 1860 3431 genteus
1901 3374 1984 3416 est
2011 3366 2248 3416 maximas
2286 3364 2451 3426 molis,
2486 3364 2539 3412 in
2573 3363 2702 3414 The-

1646 3459 1798 3495 sauro
1822 3443 2009 3507 Regio.

1711 3525 1762 3570 2.
1782 3522 1957 3583 Caput
1975 3519 2132 3568 idem.
2166 3516 2252 3580 .)(.
2283 3521 2709 3566 ΑΔΕΧΑΝΔΡΟΥ.

1643 3596 1854 3660 Jupiter
1875 3595 2045 3645 sedet.
2112 3592 2174 3641 In
2200 3591 2464 3642 cathedras
2485 3592 2708 3643 intereo·

1647 3671 1841 3722 lumnio
1887 3675 1980 3727 ΑΡ.
2026 3668 2333 3718 Arethusam.
2357 3666 2622 3730 significat
2656 3666 2708 3715 in

1646 3746 1977 3798 Macedonia.
2045 3745 2235 3794 Latere
2257 3744 2447 3791 dextro
2480 3757 2539 3791 os
2580 3743 2710 3793 Leo·

1646 3825 1745 3883 nis,
1771 3828 1828 3872 et
1849 3826 1903 3872 E.
1923 3835 2057 3870 auno
2079 3820 2259 3883 quinto.
2294 3818 2595 3881 Argenteus
2616 3817 2712 3868 ibi·

1647 3898 1764 3948 dem
1787 3896 2202 3947 tetradrachmns
2219 3902 2317 3943 est.

1711 3979 1762 4023 3.
1793 3973 1966 4035 Caput
1986 3972 2146 4020 idem.
2174 3970 2257 4034 ..)(
2288 3975 2712 4022 ΑΔΕΧΑΝΔΡΟΥ.

1646 4050 1861 4113 Jupiter
1892 4047 2059 4097 sedet.
2127 4045 2191 4094 In
2225 4048 2338 4108 ipso
2376 4045 2712 4094 intercolum-

1652 4126 1740 4174 nio
1763 4122 2025 4172 cathedre
2044 4122 2199 4171 lutera
2209 4121 2398 4183 jacens
2427 4113 2472 4153 ²¹²
2483 4135 2716 4171 ‚annum

1652 4205 1868 4251 octavam
1892 4197 2177 4248 Alexandri
2206 4195 2466 4259 designat.
2528 4198 2714 4251 Latere
