3000 4917
749 421 817 469 c.
864 420 1104 470 rmum
1155 421 1486 472 suenum
1545 423 1682 471 mn.
1732 423 1853 473 111.
1896 404 2035 493 (1.)

358 563 533 614 Verum
554 577 745 625 egresso
755 578 887 613 mens
909 563 1350 627 interpretationem

287 641 497 704 notam]
522 640 880 705 Archetypum
902 642 1208 692 Toletauum
1240 656 1348 692 nou

295 715 471 766 Verum
494 717 642 782 legit,
677 717 772 766 sed
811 717 985 765 iterum
1001 734 1018 764 .-
1072 724 1131 766 ut
1170 718 1345 781 legen·

286 793 410 844 dum
435 801 614 857 putem
639 793 849 844 iuterim.
885 794 1124 844 Pintian.

302 868 440 920 CAP-
459 882 620 920 cvm.
660 871 820 918 Terroe
836 870 1071 919 universae
1092 883 1330 932 mensura,

541 946 789 1008 longitudo
801 951 850 996 et
864 948 1089 996 latitudo.

355 1021 520 1071 Terroe
553 1023 788 1072 universae
830 1037 1065 1081 mensura,
1101 1025 1209 1088 aa]
1247 1023 1345 1074 Ca-

284 1099 426 1161 pella
444 1099 632 1148 Phiiol.
654 1100 743 1149 lib.
769 1114 843 1151 vt.
865 1116 983 1166 pag.
1005 1105 1120 1152 229.
1154 1103 1325 1151 Doleo.

359 1177 428 1227 Ut
471 1178 652 1228 dictam
687 1178 784 1242 est]
872 1180 1042 1242 Supra
1096 1193 1213 1244 cap.
1256 1184 1343 1230 66.

352 1330 743 1382 Promontorium
782 1330 1071 1395 Artabrum]
1116 1333 1200 1383 Ibi
1244 1332 1348 1382 sita

287 1412 371 1456 est
392 1406 658 1470 olyssipo.
690 1407 863 1459 Doleo.

359 1484 575 1533 Calor-im
611 1482 876 1549 Surdinioe]
923 1484 1261 1536 Ostendimus
1295 1483 1347 1532 in

283 1560 597 1624 Pomponio,
612 1561 828 1610 Caralim
837 1560 1234 1615 enunciandam,
1247 1573 1348 1608 non

288 1636 541 1687 Galerius.-
608 1650 887 1700 errareque
926 1650 1014 1686 eos
1064 1636 1151 1701 qui
1196 1635 1348 1685 aliter

284 1710 577 1777 proferant.
612 1712 839 1761 mutan.

351 1788 684 1843 Sarmatarum
710 1786 899 1850 gentes]
937 1787 1206 1840 Herodoto
1228 1789 1351 1839 Sar-

281 1874 446 1916 matae
484 1879 644 1928 supra
678 1865 899 1914 Maeotin
942 1864 1177 1915 habitant
1201 1870 1350 1931 quin.

285 1942 460 1993 decim
485 1941 684 1990 dierum
711 1940 918 1990 itinere.
950 1942 1119 1993 Dulce.

353 2015 718 2078 Eratosthenes]
754 2017 809 2068 Is
835 2018 1120 2081 Cyrenaeus
1141 2018 1267 2084 fuit,
1285 2028 1352 2073 ut

284 2094 472 2150 scribit
493 2094 706 2143 Vitruv-
727 2107 768 2143 ι.
791 2097 842 2142 6.
885 2094 1057 2143 Doleo.

409 2170 545 2221 cn.
568 2182 685 2219 cix.
753 2169 1048 2219 Hermaion
1070 2173 1235 2222 mandi

743 2245 892 2294 ratio.

305 2361 314 2372 .
359 2321 428 2372 Ut
444 2320 650 2376 circuitu
670 2334 768 2370 esse
786 2322 985 2370 ducenta
1005 2321 1352 2385 qninquaginta

279 2397 492 2462 quiaque
510 2397 663 2446 millia
678 2396 940 2448 stadiorum
958 2399 1352 2464 pronunciarent]

282 2473 494 2531 Scribo,
528 2474 740 2523 CGLII.
761 2474 840 2523 M.
878 2475 1039 2526 studia
1065 2479 1351 2539 pronuncia-

281 2556 415 2613 rent,
438 2565 502 2601 ex
527 2550 643 2614 ipso
662 2550 833 2600 Plinio
857 2552 1033 2614 capite
1051 2551 1353 2614 praecedeu-

285 2633 368 2692 te,
384 2623 723 2678 etMacrobio
740 2626 790 2675 in
814 2625 1080 2676 Somnium
1093 2627 1352 2691 Scipionis

2311 405 2487 473 4997

1423 565 1515 615 lib.
1533 579 1599 617 ιι.
1622 566 1942 618 Ptolemoeus
1959 579 2085 618 vero
2108 571 2164 618 et
2187 566 2487 618 Marcianus

1420 641 1574 690 aliam
1609 645 1866 692 rationem
1899 644 2068 693 secuti
2099 649 2238 693 sunt.
2300 643 2407 693 Sed
2428 650 2490 694 et

1421 718 1608 767 calculi
1634 718 1784 781 ratio,
1815 720 1908 768 duo
1940 718 2108 782 millia,
2146 732 2245 768 uon
2270 718 2488 782 quinque.

1423 794 1754 846 scribendum
1776 809 1888 844 csse
1917 794 2202 844 convincit.
2270 796 2407 846 Nam
2445 794 2488 843 si

1415 879 1453 918 ‘a
1490 870 1608 933 pile
1651 870 1826 921 modio
1862 869 1930 919 ad
1966 884 2239 933 summum,
2270 886 2385 935 quae
2407 879 2488 920 est

1421 944 1739 996 dimetieutis
1781 946 1997 996 dimidia
2048 960 2185 1010 pars,
2230 948 2481 1010 colligun-

1421 1030 1512 1072 tur
1546 1035 1683 1073 xLu.
1719 1022 2107 1087 M.,duplicata‚
2133 1025 2246 1074 hoec
2282 1039 2483 1074 summa

1421 1100 1609 1149 reddet
1643 1106 1806 1150 totum
1830 1100 2211 1163 dimetientem,
2245 1101 2344 1150 hoc
2381 1109 2484 1164 est,

1423 1187 1663 1226 Lxxxxv.
1711 1189 1775 1225 Μ.
1810 1177 1899 1240 qui
1945 1191 2187 1227 numerus
2234 1178 2278 1227 si
2317 1178 2481 1240 tripli·

1420 1259 1594 1315 cetur,
1615 1252 1759 1319 (nam
1784 1254 2009 1317 septima
2030 1269 2150 1318 pars
2167 1255 2486 1305 dimetientis

1423 1329 1633 1379 videtur
1667 1329 1733 1379 ab
1767 1329 2114 1380 Eratosthene
2135 1332 2392 1396 neglecta,
2428 1340 2488 1383 ut

1424 1406 1571 1470 parvi
1586 1406 1836 1456 momenti
1856 1407 2086 1456 accessio
2108 1408 2173 1457 ad
2197 1399 2364 1458 totum
2388 1410 2487 1458 cir-

1424 1480 1640 1546 culum,)
1681 1482 1925 1532 conficiet
1956 1496 2224 1534 numerum
2261 1484 2488 1547 praedie·

1425 1566 1537 1609 tum
1561 1571 1728 1610 ectu.
1751 1573 1815 1610 nt.
1845 1558 2150 1609 stadiorum.
2182 1560 2404 1611 Pintia.

1488 1633 1647 1684 Addit
1682 1634 1793 1704 haic
1833 1650 2063 1685 msera
2112 1636 2272 1686 stadia
2310 1642 2490 1699 nepem

1422 1711 1600 1775 mulio]
1635 1710 1982 1761 scribendum
2017 1711 2223 1761 videtur
2248 1711 2386 1762 XII.
2408 1712 2487 1762 M.

1425 1800 1527 1837 uon
1560 1787 1685 1837 VII.
1719 1788 1796 1836 M.
1836 1784 1975 1836 facili
2011 1787 2335 1837 librariorum
2373 1788 2487 1852 lap-

1424 1879 1505 1919 su.
1547 1871 1750 1913 mutato
1774 1862 1834 1913 X
1853 1863 1907 1912 in
1937 1862 1996 1912 V.
2078 1862 2368 1913 Duodecim
2396 1878 2486 1913 au·

1427 1946 1533 1989 tem
1557 1939 1807 2003 superiori
1846 1952 2060 1988 summae
2097 1937 2375 1989 defuerant
2418 1938 2485 1990 ad

1424 2017 1863 2080 complementum
1907 2014 2068 2064 totius
2113 2015 2322 2064 circuli:
2379 2015 2493 2078 qui,

1425 2101 1485 2143 ut
1519 2101 1601 2142 est
1635 2094 1688 2142 in
1724 2091 1983 2154 confesso,
2016 2098 2072 2142 et
2114 2106 2270 2155 supra
2308 2091 2488 2143 docuit

1425 2170 1649 2230 Plinius,
1683 2168 2055 2232 complectitur
2095 2174 2179 2217 ter
2215 2167 2490 2218 dimetien-

1426 2255 1553 2304 tem,
1572 2255 1630 2297 et
1655 2247 1869 2309 insuper
1896 2244 2168 2307 septimani
2210 2244 2486 2294 dimetien-

1427 2323 1496 2372 tis
1523 2331 1748 2387 partem.
1781 2322 1929 2371 Dato
1952 2334 2099 2383 ergo,
2122 2320 2486 2371 dimetientem

1431 2401 1701 2450 continere
1747 2410 1990 2450 mxxxiv.
2033 2411 2099 2447 u.
2135 2398 2493 2461 consequitur,

1425 2484 1485 2526 ut
1497 2476 1719 2538 septima
1737 2473 1850 2537 ejus
1873 2488 1992 2538 pars
2009 2481 2133 2538 agat
2150 2474 2287 2525 XII.
2296 2474 2374 2524 M.
2387 2479 2488 2524 stu-

1423 2553 1530 2603 dia.
1567 2552 1801 2605 Pintian.

1107 3156 1444 3233 LIBER
1524 3156 1681 3230 m.

355 3357 532 3408 Limen
552 3357 732 3407 interni
753 3354 926 3418 maris]
954 3353 1351 3414 Mediterranei,

286 3434 431 3499 quod
471 3442 525 3484 et
561 3446 716 3497 supra
744 3432 983 3481 internam
1017 3427 1170 3479 dixit.
1237 3428 1351 3477 Sal·-

285 3510 450 3560 lustio
484 3513 499 3539 ‘
524 3525 665 3559 mare
685 3505 1008 3568 secundum,’
1045 3511 1101 3554 et
1121 3504 1140 3533 ⁴
1157 3503 1350 3554 fretum

287 3587 450 3636 maris
483 3584 700 3635 nostri:'
734 3583 957 3645 Isidoro,
987 3586 1003 3611 ‘
1030 3595 1170 3631 mare
1207 3595 1352 3646 mag-

288 3660 451 3712 num-⁹
490 3664 653 3712 Dalec.

539 3739 677 3787 CAP.
702 3750 741 3786 1.
797 3736 877 3786 De
903 3735 1111 3798 Europa.

363 3814 520 3870 Quam
562 3814 770 3877 plerique
814 3812 983 3861 merito
1015 3826 1107 3860 mm
1160 3811 1356 3861 tertiam

284 3890 554 3955 portionem
571 3887 757 3950 secere]
800 3887 1062 3936 Isocrates
1093 3885 1147 3935 iu
1184 3886 1354 3935 Pane·

290 3968 504 4033 gyrico:
528 3966 622 4023 Τῆς
640 3964 736 4028 ’γὰρ
755 3966 847 4026 γῆς
866 3961 1054 4022 &miens
1072 3964 1160 4022 τῆς
1177 3962 1266 4011 ὑπὸ
1285 3964 1358 4024 τᾷ

292 4042 460 4105 κόσμῳ
481 4042 694 4103 κειμένης
714 4039 830 4103 δίχα
845 4038 1156 4102 τετμημένης,
1177 4038 1256 4088 καὶ
1268 4041 1356 4100 τῆς

289 4121 384 4182 μὲν
402 4119 584 4181 Ἀσίας,
620 4121 709 4178 τῆς
741 4120 780 4168 δ’
809 4119 1030 4184 Εὐρύτης
1051 4116 1357 4180 καλουμένης,

290 4200 385 4259 τὴν
415 4197 632 4259 ἡμίσειαν
665 4196 719 4245 ἐκ
747 4197 845 4245 τῶν
870 4197 1113 4255 συνθηκῶν
1143 4194 1355 4258 εἴληφεν.

293 4275 490 4329 AEthic.
544 4275 810 4336 cosmogr.
865 4282 1141 4337 postquam
1197 4274 1354 4334 vulgo

294 4351 511 4405 tandem
564 4357 832 4414 receptam
909 4348 1047 4399 orbis
1106 4356 1354 4400 terrarum

1433 3355 1751 3417 tripertitam
1828 3350 2093 3401 attulisset
2147 3343 2486 3396 divisionem:

1430 3430 1446 3457 ‘
1472 3429 1579 3480 Sed
1603 3428 1757 3486 binc?
1801 3427 1991 3494 inquit,
2031 3427 2047 3454 ‘
2073 3435 2312 3487 maguum
2350 3420 2491 3469 inter

1431 3508 1613 3558 doctos
1636 3514 1900 3557 certamen
1922 3503 2039 3553 fuit.
2106 3502 2242 3551 Nam
2261 3497 2490 3563 plurimi,

1431 3587 1522 3652 qui
1568 3601 1652 3636 res
1692 3585 1893 3635 divinas
1937 3579 2233 3632 evidentius
2271 3589 2492 3637 agnove-

1431 3669 1572 3719 runt,
1590 3662 1717 3711 duas
1741 3666 1943 3709 tautum
1966 3664 2142 3720 partes
2162 3649 2491 3715 accipiendas

1432 3738 1670 3793 suadent,
1708 3736 1760 3785 id
1796 3742 1896 3799 est,
1932 3731 2110 3782 Asiam
2145 3736 2202 3779 et
2228 3729 2489 3789 Europam

1433 3810 1810 3864 tautummodo.
1878 3806 2109 3858 Africam
2136 3818 2256 3854 vero
2279 3810 2494 3852 censent

1435 3892 1659 3953 Europoe
1683 3887 1871 3944 finibus
1887 3883 2256 3949 deputandam.
2323 3879 2391 3929 Et
2413 3893 2492 3928 re·

1436 3982 1562 4017 vera
1582 3966 1681 4016 hoc
1704 3965 1780 4014 ita
1801 3978 1911 4012 esse
1931 3958 2162 4010 evidenti
2182 3958 2493 4006 documento

1434 4048 1772 4091 monstratur.
1842 4038 1981 4090 Quia
2016 4050 2117 4084 nou
2149 4035 2312 4084 solum
2337 4046 2493 4081 vene·

1435 4132 1617 4168 norum
1637 4116 1770 4165 male
1788 4114 1945 4164 altrix
1964 4120 2103 4161 terra
2124 4117 2319 4173 partem
2338 4107 2493 4164 babet

1435 4194 1619 4258 spatii3
1654 4206 1829 4240 verum
1869 4188 2024 4238 etiam
2066 4194 2145 4235 est
2184 4190 2238 4234 et
2261 4184 2377 4232 coeli
2403 4181 2491 4230 ad·

1434 4284 1584 4320 verso
1620 4266 1790 4317 sidere
1830 4267 1946 4329 plus
1981 4263 2250 4314 destituta.
2332 4259 2491 4308 Nam-

1435 4361 1537 4414 que
1556 4345 1690 4396 illam
1712 4350 1912 4409 partem
1932 4339 2138 4391 tertiam
2158 4339 2496 4396 vocaverunt,
