3000 4917
830 406 1008 455 NAT.
1055 405 1256 455 msr.
1303 406 1451 454 mu.
1500 405 1790 457 xxxiv.
1835 392 1943 458 11.
2317 396 2491 462 4431

294 551 533 637 quibus
565 567 657 615 ex
696 549 947 615 foedere
974 552 1203 615 tertias
1234 551 1483 634 praedae
1541 551 1895 618 Romanus
1923 553 2221 636 populus
2245 559 2271 590 ²
2315 570 2490 638 proe-

291 656 532 728 stabat,
565 652 983 735 eodemque*
965 672 1034 716 ιιι
1073 653 1478 717 consulatu
1459 673 1530 716 m
1562 659 1915 736 suggestu⁰
1959 662 2181 720 rostra
2211 655 2488 722 devictis

291 754 683 818 Antiatibus
703 754 943 819 fixerat
960 774 1132 819 anno
1155 754 1361 819 Urbis
1384 772 1735 821 ccccxvi.
1793 757 1966 821 Item
1986 756 2157 821 Gaio
2177 756 2491 836 Duillio,‘¹

292 857 403 938 qui
422 856 675 937 primus
696 857 1009 921 navalem
1028 843 1425 938 triumphum
1451 857 1584 939 egit
1606 857 1686 919 de
1706 857 1969 934 Poenis,
1988 878 2144 942 quae
2159 866 2263 923 est
2286 860 2490 924 etiam

289 977 460 1021 nunc
491 958 559 1020 in
594 957 791 1021 Foro.
883 959 1057 1023 Item
1088 958 1170 1023 P.
1203 959 1501 1023 Minucio
1524 967 1588 1005 ³
1621 961 1938 1042 praefecto
1958 980 2256 1038 annonae,
2288 967 2490 1026 extra

286 1064 549 1141 portam
577 1060 1053 1142 Trigeminam3
1078 1061 1380 1125 unciaria
1412 1062 1587 1143 stipe
1607 1059 1629 1096 f
1668 1063 1940 1140 collata,
1969 1064 2205 1127 nescio
2239 1082 2326 1126 an
2351 1063 2491 1146 pri-

285 1180 400 1223 mo
431 1161 681 1225 honore
711 1163 832 1226 tali
863 1182 905 1226 a
934 1164 1215 1246 populo,
1245 1171 1451 1227 antea
1473 1164 1694 1226 enim4
1738 1183 1779 1227 a
1808 1175 2052 1228 senatu
2083 1169 2266 1228 erat:
2314 1183 2486 1246 prae-

288 1261 478 1326 clara
507 1282 636 1341 res,
666 1264 796 1326 nisi
835 1264 1095 1329 frivolis
1142 1265 1472 1346 coepisset
1525 1264 1756 1327 initiis.
1846 1265 2164 1349 Namque
2215 1273 2283 1331 et
2336 1263 2489 1330 Atti

289 1361 554 1432 Navii.⁵
572 1372 600 1410 ⁸
643 1371 872 1430 statua
899 1364 1029 1430 fuit
1057 1371 1211 1430 ante
1240 1364 1537 1444 Curiam,
1568 1364 1763 1448 cujus
1807 1366 1997 1430 basis
2050 1364 2489 1449 conflagravit

1202 1544 1411 1565 Oe‘mb
1415 1544 1564 1565 ”000

352 1674 684 1726 cu.x1.1
722 1676 848 1725 Vet.
891 1676 1072 1726 Dalcc.
1110 1678 1360 1726 celebratio
1390 1677 1469 1725 iis.
1471 1680 1571 1726 -2
1606 1676 1814 1739 Respub.
1847 1677 2065 1725 Romam
2091 1676 2209 1727 cod.
2241 1678 2421 1728 Dalec.
2423 1704 2488 1716 -

285 1742 314 1786 8
353 1739 559 1800 ‘Supra
588 1740 1035 1791 xv111.4.dictus
1071 1748 1155 1790 est
1188 1742 1252 1789 L.
1276 1742 1536 1790 Minucius.
1603 1741 1690 1790 Sic
1724 1756 1930 1805 quoque
1968 1742 2265 1804 appellatur
2286 1742 2351 1790 ab
2373 1741 2488 1791 aliis

285 1803 649 1863 scriptoribus.
690 1805 1175 1857 videLiv.1v.12.’
1209 1806 1428 1855 Brotier.
1480 1808 1548 1855 P.
1574 1806 1786 1854 Minucio
1811 1805 1929 1855 edd.
1952 1812 2084 1855 vett.
2108 1810 2163 1855 et
2185 1806 2418 1856 Gronov.
2428 1833 2488 1843 -—

283 1870 315 1914 4
353 1867 477 1917 Vet.
518 1869 702 1919 Dalec.
725 1870 921 1924 unciali
938 1872 1126 1934 stirpe.
1229 1871 1411 1921 monor
1448 1871 1565 1920 talis
1594 1885 1624 1918 a
1659 1885 1710 1933 p.
1745 1876 1857 1920 ante
1893 1871 2034 1921 enirn.
2039 1875 2132 1919 -5
2166 1869 2303 1919 Actii
2335 1871 2487 1920 Navii

1274 2048 1491 2101 NOTAE

281 2160 296 2188 ‘
323 2158 536 2223 Oppida
559 2160 749 2211 Latina
769 2163 941 2213 omnia
966 2195 1012 2213 ..
1031 2195 1045 2211 .
1062 2197 1076 2215 .
1099 2162 1349 2227 praesidiis
1426 2161 1570 2213 ribus
1615 2160 1983 2225 monumentis,
2025 2174 2125 2210 non
2171 2161 2231 2210 C.
2274 2160 2369 2210 sed
2412 2160 2482 2212 K.

286 2242 533 2285 tenentur
554 2237 778 2290 vestris?
1423 2240 1582 2289 scribi
1624 2238 1902 2302 affirment,
1948 2243 2012 2288 ut
2055 2239 2342 2302 Caesonem,
2382 2252 2486 2288 non

346 2319 368 2344 0
397 2312 463 2359 In
479 2316 734 2378 suggestu]
764 2315 934 2365 Locus
958 2317 1215 2366 excelsior
1231 2315 1348 2375 fuit,
1423 2315 1626 2371 Caium,
1665 2329 1960 2378 praenomen
1984 2313 2148 2364 fnisse
2183 2314 2232 2362 ei
2265 2313 2487 2377 intelligi

280 2387 418 2436 unde
452 2389 622 2439 oratio
652 2390 834 2439 haberi
857 2390 922 2439 ad
946 2392 1191 2454 populum
1230 2407 1348 2454 pos·
1422 2398 1697 2455 oporteat:
1720 2393 1904 2456 quibus
1929 2398 1983 2440 et
2008 2405 2100 2440 nos
2121 2390 2453 2439 assentimur.

280 2470 376 2512 set.
414 2464 596 2513 Livius
620 2479 748 2515 vm.
766 2470 882 2516 142.
917 2469 932 2494 ‘
959 2468 1138 2520 Naves
1161 2467 1348 2517 Antia·

280 2545 391 2586 tum
434 2541 626 2602 partim
669 2541 724 2589 in
768 2542 966 2592 navalia
1011 2542 1191 2591 Romae
1228 2544 1346 2592 sub-

280 2613 475 2679 ductae,
525 2618 716 2681 partim
762 2620 1008 2681 incensae,
1060 2620 1345 2686 rostrisque

279 2705 455 2741 earum
475 2702 775 2756 suggestum
799 2695 850 2743 in
866 2696 1001 2744 Foro
1017 2703 1342 2746 exstructum

278 2766 519 2817 adornari
558 2768 771 2830 placuit.
811 2770 1107 2834 Rostraque
1137 2769 1189 2818 id
1215 2763 1351 2820 tem·

280 2843 420 2905 plum
440 2844 799 2907 appellatum!
832 2846 1077 2896 Florusr.
1102 2850 1184 2895 11.
1205 2845 1343 2895 ‘Ex-

279 2923 396 2967 tant
422 2926 481 2968 et
506 2925 664 2981 parta
692 2920 762 2968 de
796 2919 958 2970 Antio
991 2922 1190 2983 spolia:
1225 2936 1341 2986 quae

280 2993 507 3043 Maenius
530 2996 584 3044 in
604 3004 850 3059 suggestu
876 2997 1017 3059 Furi,
1048 3004 1207 3060 capta
1228 2999 1343 3047 hos-

279 3068 406 3119 tium
444 3072 633 3133 classe,
675 3070 902 3122 suffixitz
951 3072 995 3121 si
1035 3080 1208 3121 tamen
1252 3073 1343 3123 illa

280 3144 481 3194 classis:
518 3160 640 3195 nam
661 3160 753 3195 sex
776 3146 922 3195 fuere
947 3153 1216 3197 rostratae:
1250 3147 1341 3198 sed

279 3218 362 3269 liic
383 3235 631 3271 numerus
649 3222 749 3271 illis
767 3222 930 3272 initiis
945 3223 1129 3272 navale
1149 3223 1340 3273 bellum

281 3292 417 3346 fnit.’

339 3369 364 3403 ‘¹
396 3372 526 3421 Item
547 3374 666 3422 Caio
692 3373 903 3437 Duillio]
941 3377 1021 3425 De
1058 3389 1122 3425 eo
1158 3375 1340 3426 Florus

264 3459 341 3520 ‚¹¹⁰
383 3451 433 3496 2.
477 3463 602 3514 pag.
642 3454 726 3500 49.
758 3451 774 3479 ⁴
805 3451 992 3500 Victor
1034 3465 1160 3515 ergo
1201 3453 1341 3514 apud

277 3515 517 3588 Liparas,
572 3541 741 3576 mersa
794 3534 851 3578 et
895 3526 1077 3592 fugata
1117 3528 1340 3579 bostium

277 3599 465 3664 classe,
479 3602 704 3666 primum
726 3604 871 3653 illum
894 3604 1207 3653 maritimum
1231 3606 1342 3668 egit

278 3675 635 3741 triumphum!
697 3677 890 3736 Actum
931 3678 986 3729 id
1028 3677 1152 3729 belli
1185 3681 1336 3743 primi

275 3750 466 3802 Punici
483 3768 620 3803 auno
635 3755 841 3818 quinto:
857 3755 1033 3811 Urbis,
1050 3767 1340 3807 ccccxcm.

273 3826 680 3892 Inscriptionem
690 3831 947 3880 ‘columnae
959 3830 1080 3880 huic
1100 3836 1337 3881 rostratae

271 3905 567 3966 appositam
592 3906 836 3970 singulari
860 3921 1019 3970 opere
1040 3908 1105 3957 P.
1122 3908 1336 3957 ciacco-

270 3979 389 4029 nius
403 3982 679 4045 explicuit.
727 3983 788 4033 C.
805 3983 1026 4033 Duillius
1044 3984 1339 4048 appellatur

273 4069 306 4104 a
325 4053 517 4106 Tacito
540 4072 749 4122 quoque
786 4058 979 4109 Annal.
1004 4074 1069 4109 ιι.
1103 4075 1222 4123 pag.
1257 4066 1339 4112 66.

271 4136 330 4180 et
363 4131 414 4179 ln
449 4133 695 4196 Epitome
726 4133 861 4184 Livii
896 4135 987 4186 lib.
1011 4149 1153 4185 xvn.
1187 4144 1242 4186 et
1279 4138 1334 4185 in

271 4206 446 4269 lapide
469 4208 787 4273 Capitolino,
810 4211 946 4274 apud
970 4211 1188 4262 Gruter.
1213 4228 1331 4276 pag.

270 4285 388 4336 2⁹7.
454 4284 590 4335 Sunt
616 4285 942 4338 nihilominus
976 4289 1063 4351 qui
1102 4289 1157 4338 in
1190 4294 1333 4340 vete·

1486 2478 1510 2502 0
1543 2469 1667 2518 Item
1684 2469 1750 2517 P.
1769 2468 2012 2531 Minucio]
2037 2467 2249 2517 Lucium
2269 2466 2486 2516 vidimus

1423 2544 1744 2608 appellatum
1766 2543 2000 2606 superius
2028 2554 2193 2591 xvm.
2216 2545 2266 2593 4.
2289 2541 2378 2591 ubi
2402 2556 2484 2592 res

1421 2619 1604 2667 eadem
1618 2620 1727 2683 jam
1749 2618 1997 2668 delibata.

1486 2692 1506 2726 f
1540 2694 1773 2743 Unciaria
1794 2692 1939 2756 stipe]
1977 2693 2128 2742 AEreo
2149 2707 2380 2756 nummo,
2397 2708 2485 2744 cu·

1410 2768 1501 2831 jus
1535 2770 1762 2833 pretium
1794 2769 1933 2819 foret
1956 2770 2199 2820 dimidius
2224 2785 2306 2820 as:
2343 2785 2483 2828 asses

1420 2844 1556 2893 enim
1583 2851 1692 2894 tum
1716 2846 2038 2895 sextantario
2063 2846 2295 2909 pondere
2329 2844 2485 2895 ferie-

1419 2918 1627 2985 bantur,
1645 2921 1911 2970 utdictum
1929 2927 2011 2971 est
2030 2934 2236 2970 xxxm.
2256 2926 2335 2971 18.
2379 2921 2484 2972 Hic

1420 2994 1592 3044 obiter
1627 2995 1899 3045 annotabis
1937 2996 2271 3045 Eminentiss.
2307 2996 2484 3045 Anna·

1416 3072 1541 3121 lium
1566 3073 1835 3137 scriptoris
1859 3070 2123 3136 ἆμάρτημα,
2156 3070 2221 3119 ad
2253 3085 2334 3120 an.
2358 3073 2483 3122 Chr.

1417 3151 1500 3196 69.
1524 3162 1665 3198 ιιιιιιι.
1692 3152 1743 3196 9.
1766 3147 1855 3196 ubi
1879 3146 2040 3197 Guill.
2065 3145 2368 3196 Godelevaei
2394 3161 2483 3196 no·

1419 3227 1499 3271 tas
1524 3224 1575 3271 in
1600 3223 1805 3273 Livium
1844 3229 2078 3284 secutus,
2112 3235 2179 3271 ex
2202 3222 2300 3271 hoc
2321 3222 2496 3272 Plinii

1420 3296 1721 3348 testimonio
1744 3296 1951 3347 efficere
1984 3297 2190 3366 nititur,
2221 3297 2484 3347 mendicos

1418 3372 1651 3438 vilesque
1684 3386 1933 3436 personas
1965 3372 2030 3422 ad
2070 3378 2268 3436 portam
2301 3373 2485 3435 Trige·

1417 3450 1606 3499 minam
1643 3450 1923 3500 convenire
1960 3449 2159 3513 solitos,
2196 3457 2255 3500 ut
2291 3450 2484 3514 stipem

1416 3533 1660 3590 rogarent
1682 3546 1698 3588 ;
1747 3540 1864 3576 cum
1911 3526 2037 3575 nihil
2083 3524 2286 3575 Plinius
2333 3523 2474 3574 aliud

1416 3606 1566 3667 velit,
1595 3620 1750 3671 quam
1774 3605 1913 3669 stipe
1946 3603 2156 3653 honoris
2181 3617 2341 3653 causa
2374 3601 2479 3651 col-

1414 3682 1544 3744 lata,
1564 3687 1715 3732 extra
1737 3686 1943 3746 portam
1964 3678 2313 3743 Trigeminam
2337 3677 2479 3726 Prae-

1412 3756 1556 3808 fecto
1573 3771 1789 3807 aunonae
1815 3752 2038 3820 positam
2057 3760 2285 3803 statuam
2303 3750 2479 3801 fuisse.

1412 3831 1655 3895 Augusto
1672 3832 1772 3896 ipsi
1792 3831 2031 3894 Principi
2054 3830 2240 3892 stipem
2261 3827 2478 3878 vidimus

1413 3924 1525 3959 esse
1548 3911 1790 3960 collatam
1814 3908 1905 3959 lib.
1927 3922 2045 3970 sup.
2065 3921 2112 3956 c.
2131 3909 2216 3956 48.

1474 3993 1501 4028 8
1533 3985 1648 4036 Atti
1678 3983 1851 4045 Navii]
1884 3982 2123 4032 Diximus
2159 3980 2225 4030 de
2259 3995 2324 4030 eo
2359 3995 2472 4044 sup.

1414 4073 1506 4110 xv.
1523 4063 1604 4110 2⁰.
1627 4057 1866 4125 Auguris
1880 4055 1999 4120 fuit,
2013 4055 2282 4120 Tarquinii
2302 4055 2474 4104 Prisci

1416 4150 1547 4197 aevo,
1578 4140 1636 4183 ut
1659 4134 1834 4183 Livius
1866 4133 2029 4182 refert
2057 4132 2147 4182 lib.
2173 4145 2211 4181 ι.
2247 4144 2367 4194 pag.
2394 4135 2473 4179 14.

1416 4209 1573 4260 Hunc
1608 4210 1861 4259 novacula
1899 4215 2070 4259 cotem
2106 4205 2374 4255 discidisse
2394 4203 2471 4254 fe-

1415 4296 1556 4339 runt.
1590 4285 1606 4314 ‘
1625 4287 1811 4339 Statua
1834 4283 1948 4339 Atti
1971 4283 2180 4351 positas
2200 4281 2369 4350 lnquit
2386 4281 2469 4331 Ll-
