3000 4917
828 408 1002 457 NA‘r.
1049 407 1252 457 ms'r.
1298 407 1446 455 mu.
1495 405 1785 457 xxxiv.
1831 392 1939 459 11.

2313 395 2487 462 4431

289 554 527 639 quibus
559 570 654 616 ex
693 551 942 617 foedere
970 554 1199 617 tertias
1229 552 1479 636 praedae
1536 552 1891 619 Romanus
1918 552 2217 636 populus
2241 559 2268 589 ²
2310 570 2486 637 prae-

287 658 527 731 stabat,
558 654 978 738 eodemque
957 674 1030 718 ιιι
1068 655 1473 719 consulatu
1453 675 1524 718 ιιι
1558 660 1912 738 suggestu⁶
1956 662 2178 721 rostra
2206 655 2485 721 devictis

286 755 678 822 Antiatibus
699 756 938 820 fixerat
955 776 1127 821 anno
1150 756 1356 820 Urbis
1380 773 1731 822 ccccxvi.
1789 757 1961 823 Item
1982 757 2153 822 Caio
2172 756 2488 837 Duillio,‘¹

289 858 400 940 qui
419 858 670 940 primus
691 858 1004 923 navalem
1022 843 1420 940 triumplium
1446 858 1580 939 egit
1602 858 1683 920 de
1704 859 1964 935 Poenis,
1984 878 2140 941 quae
2154 867 2260 923 est
2283 860 2487 924 etiam

285 979 457 1023 nunc
485 959 556 1021 in
588 959 786 1024 Foro.

878 960 1055 1025 Item
1083 960 1166 1025 P.
1199 960 1497 1024 Minucio
1521 968 1585 1006 ³⁸
1619 961 1935 1043 praefecto
1955 980 2253 1039 annonae,
2284 967 2486 1026 extra

282 1065 544 1143 portam
573 1062 1049 1143 Trigeminam,
1072 1062 1376 1127 unciaria
1407 1063 1585 1144 stipe
1604 1059 1626 1097 f
1664 1062 1935 1140 collata,
1965 1064 2201 1129 nescio
2235 1082 2324 1127 an
2348 1063 2487 1145 pri-

281 1182 397 1226 mo
427 1164 677 1228 honore
707 1165 828 1228 tali
858 1185 900 1228 a
930 1166 1210 1248 populo,
1241 1173 1447 1228 antea
1469 1165 1641 1227 enim
1659 1170 1691 1212 4
1733 1183 1776 1227 a
1806 1175 2049 1229 senatu
2079 1169 2262 1228 erat:
2310 1183 2483 1246 prae-

285 1264 474 1328 clara
501 1284 633 1343 res,
661 1267 792 1329 nisi
831 1266 1092 1330 frivolis
1138 1266 1468 1348 coepisset
1521 1264 1753 1329 initiis.

1841 1264 2160 1349 Namque
2211 1272 2280 1331 et
2332 1263 2486 1329 Atti

287 1363 550 1433 Navii.⁵
567 1374 596 1412 ⁸
638 1374 867 1432 statua
895 1367 1026 1433 fuit
1054 1372 1206 1432 ante
1235 1366 1532 1446 Curiam,
1565 1365 1760 1450 cnjus
1802 1365 1993 1431 basis
2043 1364 2486 1449 conflagravit

1198 1547 1257 1568 ‘O
1260 1546 1407 1567 ‘OM‘
1410 1546 1525 1567 ”0ae
1530 1546 1559 1565 O

351 1675 589 1728 Cur-11.
656 1682 681 1725 1
719 1678 845 1728 Vet.
887 1678 1069 1728 Dalec.
1106 1680 1356 1729 celebratio
1385 1678 1464 1727 iis.
1467 1682 1566 1727 -2
1602 1677 1811 1741 Respub.
1844 1677 2061 1726 Romam
2088 1676 2206 1727 cod.
2238 1678 2418 1729 Dalec.
2420 1704 2485 1716 -

283 1745 314 1790 8
351 1740 554 1802 ‘Supra
584 1754 758 1792 xvnl.
781 1747 829 1791 4.
863 1742 1032 1792 dictus
1068 1751 1152 1792 est
1185 1744 1249 1791 L.
1272 1743 1532 1792 Minucius.
1599 1743 1686 1791 Sic
1721 1757 1925 1805 quoque
1964 1741 2261 1804 appellatur
2282 1741 2349 1791 ab
2370 1741 2485 1791 aliis

284 1804 646 1865 scriptoribus.
687 1806 823 1856 Vide
840 1807 955 1857 Liv.
979 1821 1054 1856 ιν.
1072 1806 1172 1857 12.’
1148 1807 1424 1921 ‘Brotierz
1475 1808 1543 1857 Ρ.
1570 1806 1782 1855 minutio
1807 1805 1926 1855 edd.
1949 1813 2081 1856 vett.
2103 1812 2161 1856 et
2182 1806 2416 1856 Gronov.
2426 1834 2485 1844 —

283 1871 316 1916 4
349 1868 472 1919 Vet.
512 1872 699 1921 Dalec.
722 1872 907 1926 unciali
934 1873 1123 1935 stirpe.

1226 1871 1407 1922 monor·
1444 1872 1561 1922 talis
1590 1886 1622 1919 a
1655 1887 1706 1934 p.
1742 1877 1854 1921 ante
1890 1871 2129 1921 anime-5
2163 1870 2300 1921 Accii
2332 1872 2485 1921 Navia·

1271 2049 1486 2102 NoTAE

281 2162 297 2190 ⁸
322 2160 531 2225 Oppida
553 2162 747 2213 Latina
768 2165 938 2214 omnia
962 2197 978 2215 .
994 2196 1008 2212 .

283 2244 526 2287 tenentur
547 2239 774 2291 vestris.'

342 2321 365 2346 ⁴²
394 2314 458 2361 In
473 2318 731 2381 suggestu]
765 2317 931 2367 Locus
955 2318 1212 2367 excelsior
1228 2316 1346 2375 fuit,

279 2389 414 2438 unde
446 2391 620 2440 oratio
649 2392 830 2441 haberi
854 2392 919 2441 ad
943 2394 1188 2457 populum
1227 2408 1345 2456 pos·

279 2472 374 2514 set.
410 2466 592 2515 Livius
616 2481 746 2516 vm.
766 2472 880 2517 142.
914 2471 929 2495 ‘
956 2469 1135 2522 Nava
1160 2468 1345 2519 Antia.-

278 2547 388 2588 tum
429 2543 622 2605 partim
666 2543 720 2591 in
766 2544 963 2592 navalia
1007 2544 1188 2593 Romae
1226 2544 1344 2594 sub·

279 2616 471 2681 ductae,
520 2620 714 2683 partim
758 2622 1005 2682 meeum,
1057 2621 1342 2686 rostrisque

277 2707 452 2744 earum
471 2704 773 2758 suggestum
797 2698 848 2745 in
863 2698 998 2746 Foro
1014 2704 1340 2747 exstructum

277 2768 517 2819 adornari
554 2771 769 2834 placuit.
808 2772 1105 2834 Rostraque
1134 2771 1187 2820 id
1212 2765 1349 2822 tem-

280 2845 417 2908 plum
438 2846 798 2909 appellatum!
831 2847 1074 2898 Florusr.
1101 2851 1182 2897 11.
1203 2847 1340 2896 ‘Ex-

281 2925 393 2969 tant
419 2928 478 2970 et
504 2928 662 2984 parta
691 2921 759 2971 de
794 2922 957 2971 Antio
988 2922 1188 2986 spolia·
1174 2959 1188 2973 .
1222 2938 1340 2988 quoe

280 2996 506 3046 Manius
527 2997 583 3046 in
603 3005 847 3061 suggestu
873 2998 1015 3062 Fori,
1046 3006 1205 3062 capta
1226 3000 1341 3049 hos·

280 3071 404 3120 tium
441 3074 631 3135 classe,
673 3072 899 3125 suffixitz
949 3074 993 3123 si
1034 3082 1206 3123 tamen
1250 3075 1341 3124 illa

281 3146 480 3197 classis:
518 3163 638 3197 nam
659 3161 751 3197 sex
774 3148 919 3198 fuere
945 3156 1214 3199 rostratas:
1248 3150 1339 3200 sed

280 3221 360 3272 liic
382 3237 628 3274 numerus
646 3225 748 3274 illis
766 3224 927 3274 initiis
942 3226 1129 3275 navale
1148 3225 1338 3276 bellum

281 3295 417 3348 fuit.'

337 3371 362 3406 ἃ
395 3374 525 3424 Item
545 3375 666 3425 Caio
690 3376 901 3440 Duillio]
940 3378 1020 3426 De
1057 3391 1121 3427 eo
1156 3377 1339 3428 Florus

280 3462 338 3498 ιι.
382 3453 432 3498 2.
477 3465 600 3515 pag.
640 3456 724 3502 49.
757 3454 773 3481 ‘
803 3454 991 3502 Victor
1033 3466 1159 3517 ergo
1200 3454 1340 3516 apud

278 3521 516 3590 Liparas,
571 3543 740 3578 mersa
792 3536 849 3579 et
892 3530 1076 3594 fugata
1114 3531 1339 3580 hostium

278 3602 463 3667 classe,
478 3604 702 3668 primum
725 3605 871 3655 illum
893 3606 1208 3655 maritimum
1230 3608 1341 3670 egit

279 3678 634 3744 triumphum!
696 3680 890 3737 Actum
930 3680 985 3731 id
1027 3680 1151 3731 belli
1184 3682 1336 3744 primi

277 3753 465 3804 Punici
481 3770 619 3806 anno
634 3757 840 3820 quinto:
856 3756 1032 3812 Urbis,
1049 3768 1340 3807 ccccxcnr.

275 3828 946 3894 Inscriptionemcolumnae
959 3832 1078 3882 huic
1100 3837 1336 3883 rostratae

273 3907 565 3969 appositam
591 3909 836 3972 singulari
859 3923 1018 3973 opere
1039 3909 1105 3959 P.
1121 3910 1336 3959 Ciacco·

274 3981 388 4032 nius
401 3984 678 4046 explicuit.
727 3984 787 4034 C.
804 3984 1026 4034 Duillius
1043 3986 1338 4050 appellatur

1027 2197 1042 2213 .
1057 2198 1074 2217 .
1094 2163 1346 2229 praesitliis

276 4056 516 4109 a'l'acito
540 4074 748 4125 quoque
785 4059 979 4111 Annal.
1003 4076 1069 4111 ιι.
1103 4077 1222 4125 pag.
1257 4068 1338 4112 56.

275 4138 328 4184 et
361 4134 412 4183 ln
448 4136 695 4198 Epitome
723 4136 859 4186 Livii
896 4136 987 4187 lib.
1012 4151 1152 4186 xvn.
1187 4144 1242 4188 et
1279 4139 1333 4187 in

275 4208 445 4273 lapide
467 4211 787 4274 Capitolino,
809 4212 946 4276 apud
970 4212 1188 4263 Gruter.
1213 4229 1332 4278 pag.

275 4288 387 4337 2⁹7.
452 4285 587 4337 Sunt
615 4288 942 4339 nihilominus
976 4290 1063 4354 qui
1103 4291 1156 4340 iu
1191 4296 1333 4341 vete-

1421 2163 1567 2214 ribus
1611 2161 1981 2226 monumentis,
2022 2175 2122 2210 non
2169 2162 2229 2211 C.
2272 2160 2367 2211 sed
2410 2161 2481 2212 K.

1420 2242 1580 2290 scribi
1621 2239 1899 2303 affirment,
1946 2246 2009 2290 ut
2052 2240 2340 2303 Coesonem,
2380 2252 2484 2289 non

1421 2315 1623 2372 Caium,
1661 2330 1957 2380 praenomen
1982 2314 2145 2364 fuisse
2181 2314 2230 2364 ei
2263 2314 2486 2378 intelligi

1419 2399 1694 2457 oporteat:
1717 2392 1902 2458 quibus
1926 2398 1982 2441 et
2005 2406 2098 2440 nos
2120 2390 2451 2440 assentimur.

1484 2478 1509 2503 ⁰
1541 2471 1665 2519 Item
1682 2470 1748 2518 P.
1765 2468 2010 2531 Minucio]
2035 2468 2246 2517 Lucium
2266 2467 2486 2516 vidimus

1420 2545 1740 2608 appellatum
1764 2544 1998 2606 superius
2026 2554 2191 2592 xvur.
2213 2546 2265 2594 4.
2287 2541 2375 2591 ubi
2400 2556 2483 2592 res

1419 2620 1601 2669 eadem
1615 2620 1725 2683 jam
1747 2619 1996 2668 delibata.

1483 2693 1504 2727 f
1538 2695 1771 2745 Unciaria
1792 2693 1938 2758 stipe]
1975 2694 2125 2743 AEreo
2148 2708 2377 2756 nummo,
2395 2708 2484 2743 cu·

1409 2769 1499 2832 jus
1533 2771 1759 2834 pretium
1790 2769 1932 2820 foret
1954 2770 2197 2821 dimidius
2222 2785 2304 2820 as:
2341 2784 2481 2828 asses

1418 2846 1556 2894 enim
1582 2853 1690 2895 tum
1714 2846 2036 2896 sextantario
2058 2846 2294 2909 pondere
2325 2843 2484 2895 ferie·

1416 2919 1627 2985 bantur,
1642 2922 1910 2972 utdictum
1928 2927 2010 2973 est
2027 2934 2235 2971 xxxm.
2254 2926 2333 2971 18.
2376 2920 2483 2971 Hic

1418 2996 1591 3046 obiter
1625 2995 1897 3046 annotabis
1935 2996 2270 3045 Eminentiss.
2306 2995 2483 3045 Anna-

1415 3074 1540 3123 lium
1564 3074 1833 3138 scriptoris
1857 3071 2121 3137 ἆμάρτημα.
2154 3071 2218 3119 ad
2251 3084 2333 3120 an.
2357 3073 2482 3121 Chr.

1416 3152 1500 3198 69.
1523 3162 1663 3199 ιιιιιιι.
1692 3153 1742 3199 9.
1765 3147 1853 3198 ubi
1877 3147 2039 3198 Guill.
2063 3145 2368 3196 Godelevaei
2393 3160 2482 3195 no-

1419 3230 1497 3273 tas
1523 3226 1574 3273 in
1599 3224 1803 3274 Livium
1841 3230 2076 3284 secutus,
2110 3236 2177 3272 ex
2200 3222 2298 3272 hoc
2320 3222 2492 3271 Plinii.

1419 3297 1720 3350 testimonio
1742 3296 1948 3348 efficere
1982 3297 2189 3366 nititur,
2219 3297 2483 3347 mendicos

1418 3374 1651 3440 vilesque
1684 3387 1930 3437 personas
1964 3373 2029 3423 ad
2068 3378 2267 3437 portam
2301 3373 2483 3436 Trige-

1416 3452 1605 3501 minam
1643 3450 1921 3501 conveuire
1958 3450 2159 3513 solitos,
2195 3457 2254 3500 ut
2290 3450 2483 3514 stipem

1415 3534 1660 3592 rogarent
1681 3547 1697 3589 ;
1745 3541 1861 3577 cum
1910 3526 2035 3576 nihil
2082 3524 2286 3575 Plinius
2333 3524 2474 3574 aliud

1416 3607 1566 3668 velit,
1596 3620 1748 3672 quam
1771 3606 1911 3669 stipe
1946 3604 2155 3654 honoris
2180 3617 2342 3653 eausa
2373 3601 2478 3651 col-

1413 3683 1543 3744 lata,
1563 3688 1714 3732 extra
1735 3688 1942 3747 portam
1963 3678 2311 3743 Trigeminam
2336 3677 2478 3725 Prae-

1411 3757 1555 3809 fecto
1572 3772 1789 3807 annonoe
1814 3753 2037 3821 positam
2056 3760 2285 3804 statuam
2301 3751 2479 3802 fuisse.

1411 3832 1654 3897 Augusto
1672 3833 1772 3896 ipsi
1790 3832 2030 3896 Principi
2053 3830 2241 3893 stipem
2260 3826 2478 3878 vidimus

1413 3924 1525 3961 esse
1549 3910 1788 3960 collatam
1814 3909 1905 3959 lib.
1926 3922 2043 3971 sup.
2064 3921 2112 3956 c.
2131 3910 2216 3956 48.

1474 3994 1501 4030 t
1534 3986 1648 4037 Atti
1677 3983 1850 4046 Navia]
1882 3982 2123 4033 Diximus
2157 3981 2224 4031 de
2259 3995 2322 4030 eo
2358 3994 2472 4043 sup.

1414 4074 1505 4111 xv.
1523 4064 1603 4111 20.
1627 4059 1809 4127 Augur
1823 4058 1865 4107 is
1879 4055 1997 4119 fuit,
2013 4055 2283 4120 Tarquinii
2302 4055 2476 4104 Prisci

1415 4151 1547 4198 aevo,
1578 4142 1636 4184 nt
1659 4134 1833 4184 Livius
1866 4133 2029 4184 refert
2056 4132 2147 4182 lib.
2172 4146 2211 4181 1.
2246 4144 2367 4194 pag.
2393 4134 2472 4179 14.

1416 4211 1572 4262 Hunc
1608 4211 1859 4260 novacula
1897 4216 2070 4259 cotem
2106 4206 2373 4257 discidisse
2394 4204 2471 4254 fe-

1415 4296 1556 4340 runt.
1590 4287 1606 4316 ‘
1625 4288 1811 4340 Statua
1834 4284 1948 4340 Atti
1969 4283 2180 4352 poslta,’
2199 4282 2370 4349 luqult
2385 4280 2469 4332 Ll-
