3000 4917
457 360 632 427 4766

461 517 756 603 corrupti
785 525 1197 603 permanent.

459 623 845 689 funduntur.

1203 376 1270 425 0.
1318 372 1561 424 emm!
1610 373 1942 424 ssscuunl

1286 519 1394 584 Ex
1443 519 1538 584 iis'
1579 519 1812 585 formae
1836 515 1866 555 ¹¹
1912 518 2104 595 fiunt,
2142 518 2210 581 in
2239 517 2491 602 quibus
2535 537 2671 582 aera

934 621 1059 686 Est
1103 627 1170 686 et
1217 622 1446 686 viridis
1490 622 1763 700 silex,4⁶
1809 622 2227 685 vehementer
2273 620 2415 702 igni
2465 621 2671 687 resis-

462 734 637 804 teuS,
687 724 811 790 sed
858 742 1192 808 nusquam
1236 724 1599 808 copiosus:
1645 730 1716 789 et
1757 724 1880 788 ubi
1910 723 2268 800 invenitur,
2300 721 2510 805 lapis,
2540 740 2672 784 non

460 847 731 907 saxum,
763 824 919 892 est!
1000 826 1062 892 E
1106 827 1383 910 reliquis
1410 834 1435 874 ⁵
1481 826 1777 909 pallidus
1810 827 1879 890 in
1909 831 2244 891 caemento
2274 842 2421 889 raro
2452 822 2669 888 utilis.

462 929 869 1009 GlobosuS,⁸
896 936 1124 994 contra
1151 928 1435 1012 injurias
1466 928 1683 1003 tertie,
1724 927 1848 991 sed
1877 926 1966 991 ad
1995 931 2402 993 structuram
2431 922 2673 988 infide·

458 1031 571 1110 lis,
630 1032 761 1096 nisi
818 1031 1036 1095 multa
1096 1025 1683 1095 suffraenatione⁶¹²
1744 1028 2121 1094 devinctus.

2214 1027 2368 1091 Nec
2421 1026 2673 1090 certior

462 1130 856 1212 fluviatilis}
898 1151 1160 1215 semper
1191 1130 1394 1195 veluti
1423 1130 1736 1195 madens·

553 1251 621 1297 ι..
651 1233 1056 1300 Remedium
1088 1232 1289 1297 estin
1318 1231 1542 1315 lapide
1573 1227 1817 1309 rubro,j
1841 1239 1861 1269 ¹
1894 1234 2133 1296 aestate
2166 1250 2319 1294 eum
2344 1228 2671 1307 eximere,

458 1356 587 1402 nec
637 1343 793 1404 ante
828 1338 1170 1402 biennium
1200 1355 1350 1401 eum
1380 1336 1674 1399 inserere
1705 1339 1908 1413 tecte,
1942 1333 2270 1397 domitum
2302 1337 2673 1414 tempesta-

460 1440 666 1506 tibus·

461 1546 781 1625 aptantur
811 1543 1062 1608 utilius,

457 1641 767 1710 mittere.¹

515 1775 551 1820 s
574 1775 622 1826 A
642 1777 1018 1842 tempestatibus.

758 1440 935 1520 Quae
961 1458 1050 1504 ex
1078 1458 1160 1503 eo
1179 1435 1202 1473 ¹¹
1245 1440 1416 1504 laesa
1441 1435 1737 1514 fuerint!
1771 1439 1840 1501 in
1868 1436 2307 1501 subterranea
2333 1438 2673 1497 structura

1151 1540 1327 1620 Quae
1357 1538 1745 1617 restiterint,
1776 1543 1993 1604 tutum
2022 1544 2126 1603 est
2151 1537 2257 1602 vel
2286 1535 2468 1601 coelo
2493 1553 2672 1600 com-

1386 1852 1749 1877 OOONNOOOOO

459 1937 773 1989 manentis
791 1938 936 1988 locati
952 1936 1070 1988 cod.
1093 1936 1379 1989 Dalec.—⁴
1421 1940 1511 1988 Est
1532 1944 1581 1988 et
1600 1954 1649 1989 o.
1671 1938 1793 2002 lapis
1815 1937 2049 2002 Gronov.
2082 1943 2139 1987 et
2172 1936 2239 1987 al.
2261 1942 2387 1988 ante
2410 1934 2672 1986 Harduin.

462 2009 560 2053 —6
598 2004 658 2052 ln
679 2003 876 2067 reliquis
894 2002 1009 2052 cod.
1033 2004 1320 2053 Belem—6
1352 2005 1482 2054 Cod.
1512 2004 1697 2053 Dalec.
1719 2002 2130 2067 suffarcinatione.

527 2068 660 2119 CAP.
684 2081 733 2120 1..
803 2072 828 2118 1
865 2067 1096 2118 Gronov.
1121 2074 1177 2116 et
1199 2068 1268 2118 al.
1297 2074 1420 2118 ante
1445 2068 1701 2118 Harduin.
1725 2069 1778 2116 iu
1799 2068 1956 2130 lapide
1971 2067 2130 2116 dubio.

1453 2180 1673 2231 NOTAE

460 2261 546 2313 cia
567 2260 778 2324 familia,
802 2275 963 2325 penes
985 2276 1138 2326 quarn
1157 2260 1273 2325 ejus
1288 2260 1389 2310 loci
1404 2274 1522 2324 pos·

458 2337 621 2388 sessio
659 2334 837 2393 fuerit,
871 2351 1058 2387 nomen
1096 2336 1150 2386 id
1175 2345 1399 2386 tractum
1432 2336 1520 2385 sit.

463 2415 601 2466 Nam
626 2412 861 2474 Boetius,
892 2414 980 2479 qui
1003 2428 1066 2463 ex
1092 2428 1152 2462 ea
1183 2413 1379 2462 familia
1402 2410 1524 2469 fuit,

458 2491 555 2541 sibi
577 2489 775 2556 praedia
797 2490 1046 2555 villasque
1066 2490 1116 2539 in
1136 2489 1395 2560 montibus
1416 2488 1522 2539 Au·

459 2568 603 2619 reliae
626 2566 785 2616 fuisse
810 2573 1051 2617 testatur.

526 2653 549 2679 ‘²
581 2645 651 2695 Et
673 2644 725 2692 in
742 2642 1064 2705 Statoniensi]
1098 2643 1291 2707 Vulgo,
1314 2642 1451 2704 Lago
1470 2643 1525 2692 di

459 2720 707 2772 Memno.
739 2720 835 2768 Est
852 2726 908 2769 et
928 2718 1059 2781 lapis
1080 2719 1310 2767 Gabinus
1328 2720 1526 2781 pariter

458 2795 570 2860 igni
609 2794 910 2858 impervius,
928 2793 1111 2845 Tacito
1148 2800 1304 2859 teste,
1332 2795 1522 2846 Annal-

462 2884 559 2920 xv.
580 2884 633 2933 p.
655 2873 771 2918 254.

464 2970 475 2975 -
526 2943 553 2978 ‘¹
588 2944 673 2993 Ex
692 2944 756 2993 iis
776 2943 980 3009 sonna]
1020 2943 1207 3007 Gallis,
1226 2946 1309 2994 des
1329 2946 1525 3007 morales,

463 3020 517 3070 in
539 3019 724 3085 quibus
765 3021 979 3078 nummi,
1018 3022 1301 3083 staticulae,
1325 3022 1524 3086 aliaque

459 3096 510 3161 ej
517 3094 732 3153 usmodi,
748 3110 813 3145 ex
826 3110 946 3153 aere,
956 3104 1193 3159 argento,
1205 3112 1348 3159 auro,
1360 3092 1525 3161 plum·

461 3171 549 3222 bo.
603 3172 895 3222 Trebellius
919 3171 1089 3223 Pollio
1110 3173 1163 3224 iu
1200 3173 1453 3235 Victoria,
1471 3187 1526 3237 p.

460 3251 579 3298 200.
616 3255 631 3277 ‘
650 3247 776 3298 Cusi
794 3254 913 3298 sunt
933 3248 1043 3312 ejus
1065 3248 1257 3298 nummi
1281 3249 1422 3306 aerei,
1437 3264 1528 3299 au·

463 3323 558 3387 rei,
571 3330 627 3374 et
643 3324 906 3387 argenteis
923 3338 1135 3388 quorum
1153 3325 1406 3390 hodieque
1422 3323 1529 3374 for·

462 3412 548 3447 ma
570 3405 716 3447 extat
734 3398 872 3461 apud
894 3398 1172 3448 Treviros?
1209 3400 1365 3448 Prius
1389 3401 1526 3448 enim

462 3473 658 3524 nummi
689 3471 1056 3530 fundebantur,
1088 3479 1199 3525 tum
1235 3473 1426 3524 deinde
1461 3474 1528 3523 ad

456 3561 713 3599 summam
737 3547 1107 3612 perfectionem
1145 3555 1302 3612 atque
1324 3549 1528 3599 absolu-

465 3625 663 3675 tionem
681 3619 1022 3673 feriebantur.
1086 3623 1239 3672 Unde
1253 3624 1528 3675 Triumviri

463 3698 751 3751 monetales
775 3697 884 3761 aeri‚
913 3712 1057 3761 auro,
1099 3707 1380 3763 argentove
1403 3698 1529 3750 flan-

462 3774 534 3825 do
556 3772 706 3824 simul
728 3788 790 3824 ac
812 3772 1051 3825 feriundo
1066 3774 1262 3840 praefici
1285 3775 1531 3829 diceban-

467 3860 572 3903 tur.

534 3936 557 3961 Θ
590 3927 681 3977 Est
718 3932 767 3976 et
801 3926 971 3975 oin-idis
1006 3926 1153 3989 silex]
1189 3924 1323 3976 Vide
1358 3927 1529 3981 Notas

468 4008 526 4051 et
549 4000 770 4050 Emend.
791 4014 932 4051 num.
958 4004 1040 4052 26.

534 4074 557 4106 f
582 4077 697 4124 Non
725 4090 896 4124 saxum
915 4075 1012 4138 est]
1046 4075 1197 4129 Quod
1231 4076 1415 4141 majus,
1449 4091 1528 4127 as·

468 4149 667 4217 petius,
691 4149 990 4213 duriusque,
1011 4165 1163 4214 quam
1185 4151 1336 4215 lapis,
1350 4157 1448 4202 est.

537 4233 564 4273 s
600 4223 851 4291 Globosus]
894 4225 983 4276 Sic
1004 4227 1159 4278 etiam
1183 4228 1315 4280 Mss.
1336 4241 1530 4292 omnes,

1602 2261 1738 2324 Reg.
1762 2259 1912 2311 Colb.
1954 2260 2058 2310 alii.
2112 2259 2345 2310 Isidorus
2368 2258 2524 2323 Orig.
2547 2272 2673 2308 xrx.

1603 2342 1684 2389 10.
1704 2338 1892 2401 globus.
1949 2337 2089 2388 Quid
2128 2337 2169 2386 si
2198 2337 2381 2400 gilvus,
2408 2335 2489 2385 vel
2510 2335 2676 2397 giletus

1601 2416 1782 2479 legas?
1816 2429 1932 2463 nam
1973 2414 2039 2463 de
2067 2414 2270 2463 silicum
2293 2412 2575 2468 coloribus,
2604 2412 2679 2460 ni-

1606 2505 1722 2556 gro,
1740 2491 1915 2552 rubro,
1939 2490 2077 2548 albo,
2098 2489 2266 2554 viridi,
2283 2488 2504 2553 pallido,
2520 2497 2608 2538 est
2625 2489 2675 2536 ei

1606 2580 1793 2615 sermo.
1862 2565 1978 2616 Nec
2012 2567 2230 2628 globosus
2263 2573 2436 2614 tamen
2463 2562 2675 2613 omnino

1605 2642 1874 2707 displicet,
1911 2642 1980 2692 ob
2018 2656 2082 2691 ea
2115 2647 2583 2705 qum-sequuntur:
2621 2646 2677 2688 et

1608 2718 1743 2783 quod
1763 2733 1883 2782 cap.
1900 2723 1982 2768 62.
2001 2725 2235 2769 extremo
2258 2716 2464 2782 globosi
2487 2715 2675 2779 lapidis

1603 2796 1802 2846 mentio
1820 2796 1898 2846 fit.

1669 2869 1696 2904 ¹²
1727 2870 2122 2936 Suffioenatione]
2154 2861 2525 2936 Colligatione,
2566 2885 2677 2921 arc·

1606 2950 1766 3011 taque
1784 2952 2065 3010 structura,
2087 2961 2204 3012 quae
2243 2945 2472 3009 lapidem
2510 2947 2674 2996 veluti

1605 3019 1775 3072 fraeno
1819 3023 2060 3073 retineat.
2126 3022 2212 3073 Sic
2252 3022 2485 3074 Isidorus
2505 3058 2510 3063 ·
2527 3021 2675 3086 Qrig.

1608 3110 1728 3147 ιιι.
1750 3102 1832 3148 10.
1867 3100 1882 3127 ⁴
1908 3098 2109 3149 Globus
2127 3104 2307 3147 contra
2327 3098 2547 3162 injurias
2570 3099 2674 3149 sor·

1608 3174 1697 3236 tis,
1715 3173 1809 3224 sed
1832 3174 1882 3223 in
1903 3174 2178 3224 structuris
2215 3173 2408 3235 infidus
2425 3192 2443 3226 ε
2475 3175 2576 3224 nisi
2597 3174 2675 3223 fu-

1607 3249 1712 3299 erit
1734 3251 1895 3299 multa
1917 3248 2305 3303 suffraenatione
2327 3249 2649 3302 devinctus.'

1676 3324 1691 3357 ¹
1722 3325 1828 3373 Nec
1848 3325 2023 3374 certior
2028 3323 2319 3389 fluviatilis]
2354 3327 2507 3377 Silex
2527 3327 2677 3377 nimi·

1608 3412 1739 3448 rum.
1794 3398 2028 3447 Isidorus
2067 3400 2167 3448 loc.
2212 3400 2304 3450 cit.
2341 3398 2675 3452 ‘Fluviatilis

1609 3473 1738 3523 silex
1755 3489 1957 3536 semper
1981 3475 2142 3524 veluti
2164 3476 2376 3527 madens
2394 3476 2518 3527 est.’

1667 3547 1686 3590 J
1711 3547 1992 3598 Remedium
2006 3553 2077 3598 est
2092 3549 2140 3597 iu
2156 3551 2314 3614 lupide
2328 3551 2506 3616 rubro]
2542 3552 2676 3604 Con-

1609 3628 1692 3673 tra
1728 3623 1938 3672 nimiam
1982 3624 2174 3688 lapidis
2214 3626 2372 3676 rubri.
2401 3626 2676 3680 mollitiam

1611 3698 1896 3748 remedium
1924 3703 2023 3756 est.
2061 3714 2178 3750 eum
2218 3701 2430 3752 biennio
2468 3702 2677 3753 subdio

1603 3774 1859 3838 linquere.
1883 3780 1943 3824 ut
1977 3775 2218 3826 dometur
2250 3779 2682 3844 tempestatibus,

1608 3856 1882 3913 antequam
1942 3849 1997 3899 in
2051 3851 2284 3903 aedificiis
2348 3854 2682 3907 adhibeatur.

1607 3924 1745 3975 Vide
1773 3926 1939 3977 Notas
1961 3933 2015 3977 et
2037 3928 2253 3979 Emend.
2278 3943 2421 3980 num.
2444 3934 2531 3980 26.
2715 3978 2723 3984 .

1674 3998 1699 4034 Ι
1734 4001 1855 4055 Quoe
1875 4003 2029 4067 exeo]
2066 4003 2332 4053 Vitruvius
2356 4019 2426 4054 ιι.
2451 4010 2503 4056 7.
2526 4010 2678 4072 ρ.27.

1673 4075 1688 4109 ¹
1730 4077 1818 4130 Vel
1837 4080 1948 4127 coelo
1967 4080 2287 4144 committere]
2322 4081 2404 4129 Ex
2422 4096 2488 4132 eo
2502 4083 2676 4147 lapide

1610 4166 1771 4216 supra
1812 4161 2005 4205 terram
2055 4154 2334 4206 aedificare.
2400 4157 2673 4210 Vitruvius

1607 4227 1707 4279 loc.
1729 4229 1817 4281 cit.
