3000 4917
2312 387 2486 452 4595

381 539 618 605 Pinxit
648 549 721 606 et
751 539 1156 625 Megabyzi,f
1185 543 1620 609 sacerdotis⁷⁸
1654 543 1899 608 Dianae
1931 542 2269 626 Ephesiae,
2301 565 2488 627 pom-

292 656 490 726 pam}
538 643 843 709 Clitumss
883 664 1056 727 equo
1105 644 1190 708 ad
1236 645 1481 709 bellum
1527 646 1992 710 festinantem:
2041 645 2293 727 galeam
2326 667 2489 730 pos-

295 744 472 808 centi
505 746 896 826 armigerum
928 745 1385 827 porrigentem.
1476 744 1933 810 Alexandrum
1978 754 2047 810 et
2094 746 2485 830 Philippum

296 846 571 927 quoties
619 846 932 928 pinxerit,
981 865 1359 910 enumerare
1415 866 1895 929 supervacuum
1943 856 2065 913 estss
2163 846 2489 913 Mirantur

297 946 450 1028 ejus
508 946 847 1011 Abronem
868 945 969 998 ⁷⁹¹¹
1029 947 1263 1022 Samii,
1323 954 1391 1011 et
1452 947 1927 1014 Menandrum¹
1989 969 2209 1032 regem
2269 949 2490 1024 Gariae

299 1046 605 1113 Rhodii.-
661 1048 835 1112 Item
877 1045 1282 1114 Ancaeum:j
1331 1048 1757 1115 Alexandriae
1788 1050 2310 1134 Gorgostheuem
2358 1060 2491 1115 tra-

296 1149 613 1230 goedum:
661 1150 900 1214 Romae
947 1149 1293 1215 Castorem
1346 1157 1414 1215 et
1459 1151 1838 1230 Pollucem,
1883 1173 2038 1217 cum
2067 1151 2493 1218 Victoria·et

296 1248 687 1314 Alexandro
718 1249 1009 1332 Magno:
1052 1251 1212 1316 item
1244 1249 1452 1316 Belli*
1496 1253 1871 1334 imaginem,
1901 1255 2224 1319 restrictis
2252 1255 2338 1318 ad
2369 1259 2493 1319 ter-

872 399 1046 447 ΝΑΤ.
1093 396 1289 448 Ηιετ.
1337 400 1483 450 [ΑΒ.
1530 400 1790 450 xxxv,
1832 383 1943 450 36.

1206 1415 1234 1437 O
1242 1415 1577 1438 ‘munue

296 1529 432 1579 ribus
451 1536 682 1581 muare.
719 1532 910 1581 Tabuloe
926 1533 1132 1596 pretium
1144 1533 1319 1595 accepit
1336 1547 1501 1582 aureos
1514 1545 1749 1587 mensura.
1761 1547 1854 1581 uon
1873 1537 2212 1583 nantem-78
2234 1532 2498 1597 Megabyzo

295 1595 535 1643 sacerdoti
556 1597 678 1645 Vet.
696 1596 875 1644 Dalec.
946 1597 1089 1653 Mox,
1111 1602 1158 1646 et
1180 1599 1225 1646 ei
1242 1599 1430 1657 galeam
1448 1597 1676 1645 Gronov.
1702 1604 1752 1646 et
1776 1598 1842 1646 al.
1863 1606 1985 1646 ante
2011 1597 2266 1646 Harduin.
2303 1605 2317 1627 ‘
2335 1598 2495 1646 Certe

297 1658 408 1708 haec
432 1661 616 1709 tabula
634 1675 664 1708 a
686 1661 950 1725 superiore
969 1668 1051 1710 est
1071 1662 1338 1711 distincta.
1403 1661 1576 1710 Aliter
1599 1661 1799 1709 Plinius
1818 1663 2127 1724 scripsisset,
2155 1663 2288 1724 eique
2306 1663 2496 1723 galeam
2517 1673 2522 1679 ’

293 1725 523 1785 poscenti.
558 1725 622 1774 Id
644 1739 744 1774 nun
784 1724 1054 1774 attendere
1080 1725 1182 1775 Cll.
1205 1723 1419 1774 Durand
1445 1733 1500 1774 et
1533 1725 1809 1773 Falcouet.'
1836 1727 2186 1775 Brutina—79
2216 1728 2232 1754 ‘
2251 1726 2336 1774 Ita
2366 1726 2495 1774 bene

299 1789 414 1836 cod.
440 1788 575 1851 Reg.
589 1795 639 1838 5.
661 1798 716 1838 et
734 1790 908 1839 Editio
926 1791 1184 1854 princeps.
1226 1790 1467 1838 Aaronem
1488 1803 1580 1837 nos
1603 1789 1838 1850 dicimus,
1862 1791 1904 1838 le
1924 1795 2216 1852 sompmeux.
2253 1792 2342 1838 Sic
2360 1791 2498 1840 enim

299 1852 424 1901 Suid
433 1850 490 1901 as
508 1853 792 1918 :e'ABpoevos
804 1853 927 1911 βίος.
945 1853 1375 1903 Ἐπὶπολυτελῶν.’
1394 1855 1611 1903 Brotier.
1645 1855 1734 1903 Ita
1752 1868 1957 1918 quoque
1968 1856 2196 1904 Gronov.
2212 1863 2267 1903 et
2282 1857 2350 1904 al.
2363 1862 2495 1904 vett.

298 1916 398 1974 eins
422 1918 702 1968 Habronem
723 1919 980 1968 Harduin.
1006 1923 1053 1967 1.
1076 1924 1126 1969 2.
1148 1925 1197 1970 3.
1218 1919 1410 1967 Miller.
1435 1919 1651 1981 Bipont.
1675 1925 1729 1967 et
1763 1920 1945 1976 Eranz.
2010 1920 2158 1977 Mox,
2181 1920 2498 1968 Menandrum

296 1994 459 2043 regem
485 1984 649 2032 Carioe
672 1984 788 2033 libri
810 1998 984 2033 omnes
1005 1985 1189 2046 scripti
1212 1991 1268 2031 et
1290 1983 1437 2032 editi.
1504 1984 1519 2010 ‘
1537 1982 1667 2034 Quis
1692 1984 1760 2031 sit
1781 1982 1868 2033 ille
1896 1984 2186 2033 Menander
2210 1998 2300 2032 rex
2331 1985 2497 2033 Cariae

298 2046 582 2108 ignoratur.
651 2049 873 2102 Quidam
896 2048 1199 2111 conjiciunt,
1225 2047 1440 2097 Minoem
1474 2052 1522 2096 et
1547 2047 1729 2111 Idriea,
1765 2061 1903 2108 reges
1937 2049 2133 2108 Carice,-
2167 2049 2259 2098 sed
2281 2047 2495 2112 frustra,

1297 2193 1513 2244 No'rAE

298 2305 392 2338 nus
426 2291 667 2340 sincere:
700 2292 880 2341 Tabula
913 2293 968 2340 in
995 2307 1181 2342 nummo
1213 2307 1355 2341 aureo
1435 2295 1623 2340 ΝΕΩΚ.
1645 2290 1781 2355 quod
1805 2305 1896 2339 nos
1921 2289 2043 2339 alibi
2068 2290 2314 2353 singulari
2338 2305 2497 2354 opere

297 2383 516 2417 mensura
549 2368 752 2429 accepit,
788 2383 882 2417 uon
920 2383 1128 2418 numero.
1179 2369 1359 2447 Parm.
1438 2367 1507 2417 de
1531 2368 1771 2417 Numinis
1791 2368 2015 2430 antiquis
2038 2367 2452 2428 explanavimus.

297 2443 425 2493 edit.
472 2444 688 2491 Immune
730 2444 902 2493 tabula·
934 2445 1142 2507 pretium
1178 2443 1357 2509 accepit
1500 2451 1527 2487 ε
1563 2442 1765 2506 Clitum]
1806 2444 2025 2502 Κλεῖτον,
2049 2442 2185 2490 inter
2209 2440 2495 2490 Alexandri

299 2534 467 2569 aureos
482 2534 722 2575 mensura,
741 2535 834 2569 uon
856 2535 1066 2571 numero.
1135 2520 1274 2571 Quid
1292 2520 1360 2569 sit
1437 2520 1624 2569 amicos
1662 2534 1765 2568 non
1802 2527 2133 2581 postremum,
2155 2529 2274 2565 mox
2308 2516 2374 2565 ab
2409 2532 2498 2565 eo·

300 2596 687 2658 manipretium,
708 2596 828 2646 alibi
851 2597 1088 2646 diximus.
1139 2596 1360 2645 Senten-

302 2670 374 2719 tia
399 2683 557 2731 porro
597 2677 698 2733 est,
734 2676 878 2720 tauto
911 2685 1231 2721 nummorum
1271 2685 1363 2720 nu·

302 2759 445 2794 mero
465 2744 699 2794 tabulam
732 2759 845 2796 esse
869 2760 1166 2812 repensam,
1199 2761 1360 2811 quan·

302 2828 406 2870 tum
431 2822 599 2884 ipsius
631 2823 873 2884 spatium,
899 2830 1097 2887 quanta
1119 2824 1362 2886 amplitu-

303 2896 368 2947 do
392 2895 567 2945 foret:
607 2906 664 2944 ut
688 2896 754 2946 de
778 2898 880 2947 alia
901 2899 1107 2961 pictura
1122 2899 1361 2947 similiter

304 2973 501 3022 dictum
527 2978 608 3020 est
632 2985 735 3022 vn.
759 2969 841 3022 39.
898 2975 1088 3025 Horat.
1110 2975 1222 3024 Sat.
1250 2989 1291 3025 1.
1312 2979 1358 3024 l.

304 3052 320 3076 ⁴
335 3050 517 3110 Dives,
536 3048 615 3098 Ut
637 3049 908 3098 metiretur
931 3049 1198 3099 nummos.'

366 3122 579 3174 ‘Pinxit
595 3130 640 3173 et
663 3125 942 3189 Megabyzt']
961 3126 1211 3188 Pompam
1230 3125 1360 3175 Dia·

304 3214 382 3249 nae
418 3199 687 3263 Ephesiae,
721 3201 805 3251 cui
839 3200 1156 3264 Megabyzus
1192 3216 1357 3250 sacer·

306 3277 394 3325 dos
413 3283 683 3339 praeesset.
747 3276 967 3326 Quintil.
991 3290 1044 3325 v.
1070 3280 1150 3326 12.
1176 3292 1227 3339 p.
1245 3280 1362 3326 406.

303 3356 319 3378 ⁴
336 3352 640 3403 stantarum
717 3350 964 3408 artifices,
1030 3353 1361 3416 pictoresque

304 3427 599 3485 clarissimi,
623 3441 739 3475 cum
774 3440 993 3489 corpora
1016 3441 1169 3490 quam
1192 3428 1360 3489 speci-

304 3501 796 3564 osissimafingeudo
811 3503 1138 3566 pingendove
1155 3501 1362 3552 efficere

303 3584 582 3641 cuperent,
597 3610 610 3625 .
633 3613 647 3627 .
666 3591 791 3627 ,που
806 3579 1039 3642 Bagoam
1065 3587 1154 3629 aut
1177 3580 1362 3642 Mega-

305 3654 491 3717 byzum
529 3652 751 3716 aliquem
789 3654 842 3702 iu
869 3654 1162 3716 exemplum
1188 3657 1363 3718 operis

303 3740 512 3780 sumunt
534 3730 671 3788 sibi?
710 3732 809 3778 &m
863 3727 1149 3790 Μεγάβυζον
1186 3730 1364 3780 Xeno-

306 3803 696 3870 plion⁸AvdBw.
742 3805 827 3854 lib.
866 3818 922 3852 v.
959 3820 1010 3868 p.
1049 3809 1165 3854 360.
1201 3806 1364 3855 inter·

307 3890 565 3944 pretatur,
587 3879 675 3929 τὸν
693 3882 780 3939 τῆς
811 3879 1083 3944 Ἀρτέμιδος
1117 3880 1363 3946 νεωκόρον,

308 3959 387 4021 qui
422 3958 606 4006 Diana·
639 3971 775 4006 sacra
810 3962 1081 4020 perageret.
1170 3957 1364 4009 Strabo

310 4035 396 4083 ΙΙΙ).
419 4047 544 4084 xlv.
590 4049 642 4097 p.
672 4038 787 4084 641.
820 4032 1193 4096 Μεγαλόβυζον,
1222 4033 1363 4099 ἱερέα.

310 4111 526 4174 Plinius,
557 4112 861 4160 sacerdotem.
933 4111 1087 4159 Unde
1112 4112 1363 4176 suspicari

308 4189 451 4243 licet,
484 4190 605 4252 quid
650 4189 718 4237 sit
758 4189 893 4253 quod
928 4191 980 4238 in
1018 4190 1234 4237 nummis
1260 4188 1364 4238 fre-

311 4275 529 4329 quenter
544 4266 1151 4330 occurrit,NEnKOPt2N,
1167 4275 1220 4315 et
1243 4271 1364 4315 Δίος

1436 2595 1556 2645 dem
1594 2593 1729 2642 iuter
1766 2594 1951 2656 pocula
1990 2591 2336 2640 interemtum.
2403 2590 2500 2638 Ar-

1436 2672 1569 2721 rian.
1592 2671 1657 2720 de
1678 2668 1883 2732 Exped.
1909 2667 2061 2716 Alex.
2082 2666 2172 2714 lib.
2198 2679 2275 2714 ιν.
2307 2680 2359 2728 p.
2380 2670 2496 2714 560.

1499 2744 1524 2778 ¹¹
1556 2745 1795 2794 Ain-ouem
1834 2741 2159 2806 [Habronem]
2229 2740 2316 2789 Sic
2360 2741 2495 2790 Mss.

1434 2831 1601 2885 recte,
1638 2838 1739 2873 non
1779 2822 2030 2872 Abronem.
2096 2819 2313 2869 Hebron
2344 2819 2500 2882 Argi·

1437 2915 1548 2962 vus,
1584 2915 1649 2950 ex
1689 2898 1866 2958 Suida,
1894 2898 1977 2946 cui
2000 2912 2028 2945 a
2056 2895 2274 2944 mollitie
2314 2909 2499 2971 nomen

1435 2977 1689 3026 inditum:
1726 2975 1862 3023 unde
1883 2973 1936 3021 in
1961 2970 2230 3035 splendide
2264 2970 2501 3018 viventes

1426 3052 1664 3115 jactatur
1697 3045 2212 3114 paroemia,‘ABpoevos
2243 3043 2365 3101 βίος,
2390 3045 2499 3093 Ha-

1435 3127 1598 3176 brom‘s
1616 3126 1736 3175 vita.
1793 3124 1912 3172 Fuit
1935 3130 1989 3171 et
2015 3124 2149 3170 alter
2175 3119 2392 3171 Hebron
2419 3134 2502 3168 so-

1437 3203 1629 3266 phista,
1666 3201 1888 3265 Lycurgi
1926 3198 2164 3248 oratoris
2203 3197 2263 3244 F.
2300 3195 2367 3243 de
2398 3208 2503 3258 quo

1439 3279 1752 3327 Plutarchus
1774 3276 1827 3325 in
1853 3274 2033 3325 decem
2056 3273 2339 3322 eretorum
2360 3271 2500 3326 vitis,·

1477 3390 1491 3404 .
1516 3358 1630 3404 843.

1439 3370 1471 3418 p
1500 3431 1515 3465 ¹
1549 3433 1620 3480 Et
1640 3426 1982 3491 Menandrum]
2037 3426 2242 3476 Ceteris
2278 3424 2495 3487 scripto·

1439 3507 1582 3555 ribus
1606 3506 1939 3569 incognitum.

1499 3582 1518 3626 J
1551 3583 1673 3633 Item
1696 3580 1947 3642 Ancaeum]
1979 3575 2161 3629 Qualis
2186 3581 2242 3624 et
2266 3575 2331 3622 ab
2355 3573 2504 3623 Aris·

1439 3660 1690 3721 tophonte
1717 3657 1887 3720 pictus
1924 3653 2115 3702 dicitur
2147 3649 2362 3699 inferius
2385 3664 2501 3713 cap.

1437 3739 1520 3784 40.
2489 3748 2496 3755 ·

1506 3806 1530 3840 Β
1569 3808 1694 3856 Item
1729 3804 1880 3868 Beni]
1936 3798 2120 3854 Qualis
2157 3807 2236 3848 est
2276 3799 2501 3857 Furoris,

1439 3880 1580 3945 apud
1604 3882 1876 3931 Maronem
1902 3876 2103 3927 AEneid.
2134 3889 2174 3925 1.
2212 3879 2328 3924 298.
2361 3877 2376 3903 ‘
2402 3877 2504 3925 Fu-

1440 3973 1525 4007 ror
1559 3958 1745 4020 impius
1780 3957 1919 4004 intus
1951 3954 2102 4003 Saeva
2134 3953 2320 4002 sedens
2343 3966 2503 4015 super

1438 4048 1599 4093 arina,
1634 4041 1689 4080 et
1722 4037 1926 4079 centurn
1964 4028 2166 4076 vinctus
2202 4025 2344 4075 aenis
2368 4027 2505 4076 Post

1440 4117 1644 4171 tergum
1694 4106 1862 4168 nodis,
1901 4104 2079 4155 fremit
2125 4103 2361 4152 horridus
2409 4116 2503 4151 ore

1439 4182 1692 4235 cruento!
1727 4196 1731 4201 ·
