3000 4917
1146 394 1594 444 AUGTORUM.
1993 338 1996 341 ἱ
2303 387 2479 452 4947-

258 533 412 599 hujus
435 534 764 584 Democratis
788 534 985 589 Medici
1007 535 1241 587 Galenus
1263 537 1387 587 κατὰ
1405 538 1602 603 τόπους,
1627 552 1734 591 vu.
1756 544 1810 591 2.
1850 556 1902 605 p.
1925 546 2040 594 536.
2074 545 2287 610 ejusque
2321 545 2477 596 simul

257 615 456 677 operis,
498 615 635 681 quod
681 616 1039 681 inscripserat,
1077 616 1349 684 Φιλίου-ρος.
1418 621 1634 671 Librum
1660 621 1919 685 integrum
1951 624 2226 690 scripsisse
2249 628 2476 676 carmine

264 695 478 758 dicitur,
498 696 567 746 de
589 696 932 747 confectione
956 696 1345 757 Antidotorum,
1371 700 1438 751 (ie
1473 701 1730 751 Theriaca
1751 701 1814 750 ad
1826 693 2022 752 .‘Pison.
2044 717 2160 768 cap.
2183 709 2263 755 12.
2288 721 2339 769 p.
2362 710 2479 757 948.

263 782 321 826 et
342 776 436 826 lib.
456 790 494 828 1.
518 776 584 826 de
609 777 890 836 Antidotis,
913 794 1032 843 cap.
1069 783 1154 830 15.
1180 795 1232 843 p.
1256 785 1372 830 892.
1437 781 1678 831 Alterum
1704 783 1851 847 item,
1875 783 1963 847 qui
1993 782 2217 834 Κλινικὶις
2253 785 2475 836 vocaba-

264 864 369 915 tur,
390 859 516 909 κατὰ
529 858 719 922 τόπους,
743 865 871 910 Χ.’2.
894 876 948 925 p.
973 866 1087 911 635.
1154 863 1234 913 Μ.
1261 863 1472 913 Servilii
1496 863 1796 913 Consularis
1820 864 1915 913 viri
1938 862 2092 914 filiam
2117 879 2330 915 sanasse
2347 866 2478 918 dici-

263 946 350 1003 tur
373 955 404 988 a
427 940 599 989 Plinio
623 953 788 992 xxiv.
809 945 891 990 28.
958 941 1194 991 Gessisse
1218 952 1393 992 autem
1418 943 1756 993 Consulatum
1775 943 1911 993 hunc
1930 944 2238 1010 invenimus,
2255 945 2476 1011 Augusti

260 1020 582 1084 principatu,
607 1020 747 1070 urbis
770 1036 908 1071 anuo
929 1035 1131 1072 nccnv.
1152 1030 1272 1072 ante
1294 1023 1455 1074 Plinii
1478 1023 1678 1073 obitum
1697 1036 1873 1074 mxxv.

326 1100 526 1150 Servius
562 1101 819 1166 Sulpicius,
852 1095 1009 1168 quem
1038 1103 1327 1168 principem
1359 1105 1412 1153 in
1437 1105 1561 1168 jure
1583 1104 1725 1154 civili
1748 1105 1949 1156 Tullius
1985 1112 2170 1157 vocat:
2197 1107 2471 1166 Consulem

260 1180 425 1232 fuisse
448 1198 564 1232 cnm
587 1182 664 1233 M.
695 1184 970 1247 Marcello,
992 1199 1129 1234 anno
1151 1183 1219 1234 U.
1245 1187 1305 1236 C.
1328 1198 1523 1236 neom.
1591 1186 1770 1235 Florus
1795 1184 1844 1234 in
1868 1186 2116 1249 Epitome
2139 1186 2355 1236 Liviana
2377 1185 2472 1236 lib.
2504 1174 2508 1182 ’

257 1276 418 1313 cvm.
441 1271 686 1322 testatur,
708 1279 812 1330 quo
834 1271 1073 1329 tempore
1097 1265 1288 1315 bellum
1310 1273 1479 1316 ortum
1505 1272 1588 1316 est
1610 1267 1868 1317 Caesarem
1895 1268 2032 1315 inter
2066 1276 2122 1316 et
2146 1266 2471 1330 Pompeium.

253 1344 445 1395 Libros
466 1344 678 1408 scripsit
700 1359 865 1409 prope
889 1354 1101 1397 centum
1124 1352 1179 1396 et
1203 1358 1373 1397 Lxxx.
1401 1353 1541 1396 teste
1565 1347 1877 1410 Pomponio,
1902 1344 1991 1396 lib.
2016 1360 2055 1395 ι.
2083 1346 2292 1411 Digest.
2317 1348 2397 1397 tit.
2420 1349 2471 1396 2.

257 1423 329 1472 de
354 1425 503 1489 Orig.
520 1426 690 1482 Juris,
687 1428 837 1490 §.43
908 1428 1035 1477 Cum
1077 1427 1129 1477 in
1168 1428 1431 1490 legatione
1471 1428 1732 1491 periisset,
1767 1426 1833 1475 de
1871 1441 1973 1491 qua
1996 1426 2216 1478 Cicero
2203 1442 2254 1477 ιιι
2276 1427 2468 1493 Philip.

254 1517 338 1554 lx:
364 1505 589 1554 statuam
611 1506 661 1554 ei
677 1507 899 1570 populns
920 1507 1072 1557 Rom.
1095 1522 1189 1571 pro
1213 1508 1421 1558 Rostris
1444 1506 1671 1572 Augusti
1694 1506 1889 1571 posuit.

326 1586 530 1636 Severus
553 1588 763 1637 Cassius.
832 1588 970 1638 Vide
996 1588 1209 1638 Cassius.

320 1666 573 1718 Sextilius.
639 1668 965 1720 Romanum·
952 1683 1003 1719 ιιι
1026 1669 1125 1719 hac
1151 1683 1278 1719 voce
1300 1683 1484 1719 sonum
1512 1681 1752 1732 agnosco,
1775 1682 1877 1717 non
1897 1666 2256 1731 peregrinum·
2281 1674 2338 1717 ut
2363 1683 2467 1733 quo

252 1762 384 1798 casn
417 1749 469 1798 in
501 1752 768 1799 numern'm
813 1750 1124 1814 scriptorum
1163 1755 1498 1800 externorum
1537 1750 1830 1814 irrepserit,
1867 1748 1921 1798 in
1955 1748 2139 1799 Indice
2173 1748 2264 1800 lib.
2300 1761 2468 1800 xxxt.

253 1828 421 1878 valde
437 1829 611 1879 mirer.
677 1831 811 1880 Toto
834 1844 991 1893 opere
1016 1844 1081 1878 ne
1100 1831 1259 1879 semel
1277 1829 1489 1894 quidem
1508 1831 1822 1895 appellatur.

322 1908 523 1960 Sextius
545 1910 726 1972 Niger.
791 1909 929 1958 Vide
953 1908 1112 1971 Niger
1132 1909 1352 1959 Sextius.
2464 1949 2467 1956 ,

323 1990 542 2055 Silanus,
565 1991 647 2040 cui
674 2004 973 2054 praenomen
1004 1989 1257 2040 Decimus
1291 1990 1327 2041 J
1333 2004 1479 2039 umus
1503 1989 1622 2053 fuit,
1659 1990 1745 2054 qui
1767 1990 1922 2054 paulo
1945 1996 2065 2053 post
2089 1992 2461 2056 Carthaginem

250 2076 467 2134 captam
487 2070 728 2133 Magonis
751 2071 900 2120 Poeni
923 2071 1189 2121 volumina
1209 2070 1604 2133 duodetriginta
1624 2070 1692 2120 de
1732 2071 2050 2131 agricultura
2078 2087 2106 2120 e
2131 2073 2335 2138 Punico
2359 2086 2467 2121 ser·

252 2163 412 2201 mone
436 2151 701 2200 transtulit
718 2150 769 2200 in
791 2151 1050 2214 Latinum,
1067 2151 1218 2214 jussu
1243 2151 1491 2200 Senatus.
1557 2150 1642 2199 Ita
1658 2150 1861 2200 Plinius
1880 2154 2199 2201 ιιἰτιιι.5.--ι
2217 2152 2321 2201 Ubi
2346 2151 2464 2201 vide

252 2249 374 2297 qnoe
399 2232 463 2281 de
486 2234 502 2261 ‘
517 2233 735 2282 Familia
750 2231 767 2256 '
790 2233 903 2296 ejus
925 2232 1277 2295 ‘clarissima,'
1299 2241 1357 2282 ιιι
1379 2234 1453 2282 ait
1474 2232 1699 2287 Plinius,
1720 2232 1977 2283 diximus:
2003 2239 2061 2282 ut
2081 2234 2206 2284 etin
2228 2234 2384 2282 Notis
2408 2240 2465 2283 et

252 2314 476 2364 Emend.
501 2313 565 2362 ad
589 2314 680 2363 lib.
706 2328 809 2364 vn.
834 2328 885 2363 n.
904 2312 1003 2363 492
1046 2314 1143 2363 Ed.
1164 2328 1258 2363 sec.

324 2395 519 2445 Silenus
555 2394 867 2457 Historicus,
909 2392 974 2442 de
1010 2408 1111 2458 qno
1143 2395 1330 2444 Cicero
1366 2393 1432 2443 de
1467 2394 1642 2444 Divin.
1667 2393 1756 2444 lib.
1783 2407 1822 2443 1.
1849 2409 1902 2457 p.
1924 2398 2035 2443 176.
2069 2395 2087 2424 ‘
2110 2394 2225 2444 Hoc
2247 2393 2384 2443 idem
2409 2394 2460 2443 in

252 2475 444 2532 Sileni,
468 2487 619 2540 quem
653 2474 845 2524 Caelius
868 2474 1121 2538 sequitur,
1153 2474 1345 2525 Graeca
1373 2474 1593 2524 historia
1625 2481 1738 2523 est.
1775 2475 1817 2522 is
1852 2480 2024 2523 autem
2061 2472 2461 2537 diligentissime

248 2570 342 2606 res
364 2553 676 2605 Hannibalis
699 2560 1008 2617 persecutus
1040 2553 1161 2617 est,'
1180 2557 1280 2603 dcc.
1345 2552 1546 2605 Σιλανὸς
1574 2550 1881 2615 συγγραφεὺς
1904 2568 1933 2602 ιι
1954 2552 2207 2649 Strabone
2228 2553 2459 2661 appella·

253 2643 367 2691 tnr,
388 2635 478 2685 lib.
503 2649 587 2686 ιιι.
610 2650 662 2700 p.
685 2639 797 2685 172.

323 2715 592 2766 Simonides
612 2716 795 2765 Minor.
864 2713 910 2763 A
935 2713 1200 2765 Simonide
1223 2715 1347 2772 Ceo,
1371 2720 1430 2764 et
1452 2731 1482 2764 a
1504 2714 1692 2779 Lyrico
1717 2714 1871 2777 plane
1895 2713 2144 2776 diversus,
2163 2720 2219 2764 et
2241 2720 2458 2777 utroque

248 2797 552 2846 recentior.
588 2796 785 2861 quippe
806 2795 894 2861 qni
916 2794 967 2844 in
991 2795 1160 2844 insula
1196 2793 1399 2854 Meroe,
1427 2795 1659 2858 priorum
1694 2800 1855 2843 astate
1884 2794 2109 2845 nondum
2133 2794 2366 2858 cognita,
2390 2793 2457 2886 de

251 2877 436 2927 Rebus
458 2875 762 2939 AEthlopicis
784 2875 1071 2938 scripserit,
1098 2882 1154 2924 nt
1178 2883 1363 2925 auctor
1383 2881 1467 2923 est
1492 2875 1693 2924 Plinius
1719 2888 1796 2924 vr.
1818 2878 1897 2924 35.
2136 2879 2143 2886 “

321 2956 483 3007 Simus
521 2955 759 3019 Medicus,
798 2970 830 3004 a
868 2969 971 3020 qno
1012 2952 1262 3005 trifolium
1304 2954 1658 3005 Simonianum
1692 2954 1891 3004 dictum
1927 2954 2225 3050 Columellas
2260 2969 2338 3004 νι.
2379 2959 2457 3006 17.

249 3054 311 3103 p.
328 3043 447 3088 227.

319 3119 467 3169 Solon
491 3118 797 3183 Smyrnoeus:
820 3117 934 3167 haec
956 3115 1092 3167 enim
1117 3115 1252 3165 illius
1270 3074 1443 3180 patria
1464 3114 1773 3177 indigitetur
1794 3127 1890 3165 xx.
1912 3120 1994 3164 83.
2020 3117 2101 3165 De
2121 3115 2201 3166 Re
2225 3114 2456 3179 Medica,

248 3210 308 3250 et
329 3199 396 3248 de
419 3199 679 3249 Herbaria
700 3199 939 3263 scripsit.
969 3196 1133 3250 Σόλων
1151 3196 1407 3257 διαιτητὴς,
1428 3196 1574 3246 Solon
1595 3196 1886 3259 Diaetarius,
1904 3211 1935 3246 a
1959 3191 2164 3246 Galeno
2192 3193 2453 3259 laudatur,

248 3281 382 3333 κατὰ
399 3280 592 3342 τόπους,
615 3294 702 3331 111.
727 3285 773 3330 1.
797 3294 850 3344 p.
873 3283 989 3328 400.

317 3362 567 3425 Sophocles
598 3358 753 3423 poeta
790 3357 1139 3415 Atheniensis,
1174 3358 1325 3421 cujus
1364 3357 1678 3422 exquisitum
1717 3355 1940 3420 elogium
1974 3362 2029 3405 et
2061 3356 2455 3419 elegantissimae

247 3440 548 3497 brevitatis,
593 3439 711 3490 ‘vide
749 3439 884 3503 apud
922 3438 1062 3488 Plin.
1100 3450 1331 3487 xxxvn.
1372 3441 1451 3488 11.
1520 3436 1744 3499 Scripsit
1781 3435 2029 3499 fabulam,
2072 3435 2488 3506 Triptolemum*

247 3522 590 3588 appellatam,
611 3535 746 3571 anuo
765 3520 937 3571 se‘tatis
966 3518 1227 3582 vicesimo,
1249 3523 1306 3568 ut
1328 3518 1553 3567 diximus
1578 3531 1740 3567 xvm.
1759 3521 1838 3568 12.

317 3601 592 3653 Somatins.
664 3600 728 3650 In
752 3599 931 3649 Indice
955 3599 1198 3648 Pliniano
1223 3598 1315 3647 lib.
1348 3611 1514 3648 xxx1.
1548 3597 1600 3647 id
1624 3611 1809 3647 nomen
1832 3596 2103 3661 scriptoris
2124 3597 2318 3661 legitur
2338 3595 2452 3660 qui·

248 3682 406 3733 dem:
444 3688 501 3730 at
544 3680 598 3730 in
639 3680 769 3744 Reg.
804 3679 920 3729 cod.
952 3682 1003 3728 2.
1057 3677 1319 3727 Sumatino
1348 3678 1598 3740 scriptum
1634 3676 1758 3724 vidi.
1824 3675 1909 3725 Αιι
1943 3676 2169 3726 Soranus
2204 3674 2302 3724 hoc
2335 3676 2451 3723 loco

250 3760 587 3826 reponendus
635 3761 721 3823 sit,
765 3760 1008 3808 Valerius
1059 3758 1146 3808 ille
1187 3757 1441 3821 nimirum,
1494 3770 1647 3821 quem
1693 3763 1752 3804 ut
1794 3754 2097 3818 familiarem
2144 3762 2201 3805 et
2242 3754 2451 3804 doctum

249 3843 512 3892 hominem
545 3840 745 3890 Graecis
784 3839 1086 3904 Latinisque
1118 3837 1304 3899 literis,
1337 3838 1523 3888 Cicero
1556 3836 1736 3885 laudat
1769 3837 1823 3884 in
1857 3836 2040 3891 Bruto,
2075 3849 2128 3899 p.
2159 3828 2275 3885 564.
2312 3834 2451 3882 vide-

250 3923 418 3972 rint'ii
440 3921 623 3986 quibus
644 3922 758 3985 plus
780 3922 883 3971 erit
904 3920 1016 3970 otii.
1052 3919 1187 3969 Nam'
1212 3919 1473 3969 Soranum⁴
1487 3916 1765 3981 Ephesium
1786 3915 2049 3966 Medicum
2074 3916 2227 3979 louge
2251 3914 2451 3966 Plinius

253 4003 557 4052 antecessit.

319 4082 571 4145 Sosigenes
610 4082 920 4147 Astrologns
961 4081 1255 4146 AEgyptins‚
1288 4082 1432 4145 cujus
1469 4094 1629 4144 opera
1660 4095 1782 4129 usus
1813 4083 1895 4128 est
1920 4078 2097 4144 Cesar
2118 4076 2358 4128 Dictator
2396 4078 2449 4125 in
2540 4086 2550 4094 ¹

254 4178 392 4214 anno
417 4164 481 4213 ad
507 4164 641 4214 Solis
665 4179 873 4214 cursum
896 4162 1351 4213 accommodando.
1422 4161 1632 4214 Librum
1660 4160 1829 4210 edidit
1849 4156 1952 4224 περὶ
1973 4162 2068 4208 τῶν
2088 4156 2449 4220 ἀνελιττουσῶν,

251 4246 311 4295 de
332 4244 737 4301 Revolmionibus,
764 4255 822 4295 ut
845 4251 1029 4294 auctor
1051 4251 1134 4293 est
1156 4243 1397 4306 Proelns,
1422 4242 1475 4291 in
1498 4242 1830 4307 hypotyposi‚
1853 4257 1904 4306 p.
1927 4244 2010 4290 45.
