3000 4917
481 399 655 465 4918
1458 410 1706 460 mnssx

480 555 679 620 frigida
702 557 859 621 aegris
881 556 1053 609 danda
1074 555 1375 620 Δοσίψνχρος
1395 555 1750 618 cognominari
1777 553 1958 617 voluit,
1980 559 2039 602 ut
2063 547 2290 602 diximus
2319 565 2482 603 xxvi.
2501 555 2551 602 8.
2585 552 2697 604 Cle·-

486 638 706 702 ophauti
736 638 1003 688 antidotus
1025 637 1268 688 laudatur
1291 652 1322 685 a
1342 637 1544 686 Galeuo
1567 635 1633 684 de
1650 634 1917 685 Antidotis
1934 648 1998 684 u.
2021 638 2068 684 1.
2094 649 2146 697 p.
2170 638 2287 683 898.

490 754 495 759 -
552 719 845 769 Clitarchus.
920 719 1110 768 Comes
1133 718 1219 768 hic
1243 716 1346 767 fuit
1365 716 1763 780 expeditionum
1789 715 2081 765 Alexandri
2116 715 2195 764 M.
2228 713 2379 777 cujus
2420 728 2506 763 res
2529 720 2702 778 gestas

481 799 632 849 libris
651 799 886 863 pluribus
909 799 1260 863 consignavit,
1283 804 1420 847 teste
1438 795 1699 847 Athenaeo
1725 795 1818 846 lib.
1835 809 1911 846 tv.
1937 811 1991 858 p.
2016 798 2128 845 148.
2163 801 2220 845 et
2240 795 2333 843 lib.
2355 808 2464 845 ιιι.
2503 809 2561 858 p.
2583 799 2701 844 520.

485 882 623 931 Item
667 879 930 944 Apollonii
971 879 1145 930 Schol.
1166 879 1231 928 ad
1273 888 1364 929 m.
1387 882 1505 928 Diffi.
1571 877 1717 927 Citat
1740 878 1961 927 eundem
1997 883 2053 926 et
2091 875 2324 925 AEliauus
2348 876 2495 925 Hist.
2523 875 2698 927 Anim.

487 974 633 1011 xvir.
658 965 707 1010 2.
742 961 956 1021 Curtius
975 974 1077 1010 nou
1103 956 1283 1009 semel.
1351 957 1578 1008 Dinonis
1615 958 1848 1007 historici
1886 955 2023 1006 filius
2047 971 2074 1003 a
2098 955 2273 1005 Plinio
2294 963 2522 1004 vocatur
2544 968 2601 1004 x.
2620 959 2701 1005 70.

484 1042 681 1091 Verum
704 1040 770 1090 de
790 1055 854 1089 eo
879 1054 1058 1103 parum
1082 1038 1365 1090 honorifice
1385 1038 1738 1092 Quintilianus
1760 1051 1816 1087 x.
1842 1042 1886 1086 l.
1906 1052 1958 1101 p.
1984 1041 2102 1088 843.
2137 1037 2154 1064 ‘
2170 1037 2421 1087 Clitarchi
2447 1037 2702 1102 probatur

484 1122 772 1186 ingenium,
803 1119 931 1170 fidcs
956 1119 1275 1171 infamatur.'

556 1205 803 1252 Coeranus.
868 1202 956 1253 Ita
993 1203 1092 1253 boe
1127 1215 1314 1250 nomeu
1340 1200 1585 1250 scribitur
1610 1199 1663 1248 in
1688 1199 1843 1249 codd.
1886 1200 1947 1248 R.
1977 1203 2019 1248 l.
2046 1203 2094 1248 2.
2131 1206 2187 1248 et
2224 1198 2373 1248 Colb.
2395 1203 2447 1247 2.
2498 1198 2699 1247 Grecis

490 1281 729 1345 Κοίρανος.
796 1283 975 1332 Graeci
998 1284 1112 1344 ipse
1137 1281 1342 1345 generis
1363 1281 1478 1337 fuit,
1499 1287 1638 1330 teste
1659 1282 1840 1330 Tacito
1863 1280 2050 1330 Annal.
2073 1290 2197 1329 xlv.
2222 1295 2275 1338 p.
2302 1284 2421 1330 288.
2454 1280 2550 1343 qui
2583 1294 2699 1329 eum

487 1363 757 1426 sapientise
779 1363 1049 1412 doctorem
1073 1362 1339 1426 appellat:
1375 1358 1619 1411 Musonio
1657 1361 1929 1426 aequalem.
1996 1361 2148 1409 Vixit
2187 1361 2415 1409 Neronis
2448 1360 2701 1424 tempori-

491 1444 609 1494 bus.

558 1523 837 1572 Columella.
903 1522 965 1571 L.
981 1521 1173 1572 Junius
1196 1522 1507 1572 Moderatus
1530 1522 1817 1571 Columella
1842 1521 2012 1570 dictus
2034 1521 2295 1584 est,cujus
2317 1527 2509 1570 extant
2527 1520 2704 1570 bodie·

490 1617 593 1665 que
613 1603 727 1652 libri
753 1603 818 1651 de
850 1603 926 1651 Re
953 1604 1164 1653 Rustica
1187 1603 1483 1667 duodecim,
1524 1618 1586 1652 ac
1608 1603 1674 1652 de
1700 1601 1992 1653 Arboribus
2017 1600 2153 1651 liber
2173 1603 2471 1665 singularis.
2541 1602 2703 1653 Gadi·

501 1683 859 1733 tanum.fuisse
881 1697 945 1730 ex
984 1683 1098 1746 ipso
1123 1684 1312 1732 scimus
1335 1698 1388 1733 v.
1409 1689 1460 1733 5.
1485 1690 1543 1732 et
1565 1697 1667 1734 vn.
1688 1688 1737 1733 2.
1811 1684 2013 1733 Floruit
2045 1684 2183 1747 Imp.
2208 1683 2417 1733 Claudii
2453 1686 2703 1746 tempori-

502 1764 616 1812 bus.
682 1766 761 1813 Ex
800 1765 957 1826 ipsius
995 1764 1142 1813 libris
1186 1765 1426 1828 proxime
1465 1763 1693 1814 laudatis
1719 1764 1922 1813 Plinius
1957 1764 2119 1813 multa
2156 1763 2451 1828 descripsit.
2523 1765 2708 1813 Edidit

499 1845 586 1893 illc
614 1853 872 1907 pra-terea
892 1843 1079 1892 librum
1104 1844 1487 1900 lustrationum,
1523 1842 1999 1908 sacriflciorumque
2022 1845 2307 1907 priscorum
2332 1858 2428 1906 pro
2447 1843 2707 1908 frugibus,

493 1924 637 1987 cujus
675 1924 848 1986 operis
886 1922 1000 1985 ipse
1037 1924 1272 1973 meminit
1310 1937 1401 1973 ιιι.
1422 1929 1506 1974 22.
1573 1923 1760 1974 Libros
1796 1938 2003 1989 quoque
2043 1924 2291 1973 adversus
2317 1922 2628 1988 Astrologos
2651 1932 2707 1975 et

495 2005 790 2060 Cbaldaeos,
813 2017 893 2052 xl.
918 2008 966 2054 l.

565 2085 879 2146 Commodes,
899 2098 1053 2149 quem
1077 2084 1145 2133 de
1166 2085 1445 2136 conditura
1465 2085 1588 2149 vini,
1609 2086 1660 2135 in
1683 2084 1870 2135 Iudice
1888 2085 1977 2135 lib.
1999 2098 2094 2135 xv.
2119 2100 2188 2135 ac
2204 2098 2326 2135 xiv.
2349 2090 2434 2135 24.
2452 2086 2525 2134 de
2549 2100 2708 2150 appa·

498 2173 619 2216 ratu
654 2165 760 2215 vini
794 2165 1068 2227 scripsisse
1108 2165 1307 2215 Plinius
1337 2167 1430 2216 ait.
1499 2166 1684 2216 Codex
1718 2167 2009 2217 Tbuanoeus
2039 2174 2096 2217 et
2129 2165 2282 2217 Coib.
2318 2174 2546 2231 uterque
2573 2168 2709 2215 Con·

494 2247 698 2296 ”nudem
719 2245 974 2303 scribunt,
996 2252 1053 2295 et
1074 2252 1198 2307 ante
1220 2259 1309 2295 eos
1336 2245 1632 2297 Priscianus
1655 2244 1743 2295 lib.
1763 2260 1841 2295 vr.
1864 2261 1915 2310 p.
1939 2251 2053 2297 ⁷05.
2072 2247 2159 2296 ubi
2182 2261 2251 2295 ex
2268 2247 2511 2296 Pliniano
2526 2247 2710 2297 Iudice

497 2325 736 2389 quaedam
765 2326 1076 2389 scriptorum
1114 2326 1323 2377 nomina
1353 2327 1623 2391 colligens,
1662 2326 1937 2390 ‘Plinins,'
1974 2327 2163 2392 inquit,
2197 2329 2215 2356 ⁴
2237 2326 2289 2376 iu
2315 2339 2413 2376 xv.
2439 2328 2712 2377 Naturalis

499 2405 765 2463 Historiae‚
785 2406 1087 2456 cmmoda·
1461 2394 1465 2398 ’

569 2486 772 2537 Corbulo
800 2487 1057 2544 Domitius,
1079 2487 1283 2538 Claudii
1306 2502 1369 2538 ac
1390 2486 1618 2538 Neronis
1642 2486 1945 2552 principatu
1967 2487 2116 2544 vixit,
2141 2487 2218 2536 vir
2233 2487 2555 2546 Consularis,
2572 2488 2712 2537 domi

498 2565 800 2630 militiaque
845 2567 1034 2616 clarus.
1100 2567 1300 2619 Quibus
1343 2574 1491 2617 ortus
1534 2567 1837 2629 parentibus
1878 2566 2057 2625 fuerit,
2088 2567 2291 2616 Plinius
2318 2567 2479 2617 docet
2519 2581 2629 2618 vu.
2666 2573 2716 2618 4.

501 2646 856 2708 Descripsisse
878 2647 1145 2711 regionum
1169 2648 1374 2697 illarum
1397 2648 1552 2698 situm
1575 2656 1632 2698 et
1655 2649 1868 2712 oppida,
1887 2649 1940 2698 in
1964 2647 2151 2714 quibus
2171 2647 2434 2710 militavit,
2457 2661 2530 2697 ex
2558 2649 2712 2698 variis

501 2725 659 2775 Plinii
680 2726 808 2775 locis
833 2728 1159 2791 intelligitur.
1225 2729 1399 2780 Multa
1422 2729 1489 2778 de
1512 2744 1575 2779 eo
1595 2730 1810 2779 Tacitus
1832 2730 2018 2781 Annei.
2039 2742 2166 2779 xur.

571 2806 760 2854 Cordus
783 2807 1068 2871 Cremutius,
1098 2809 1181 2858 cui
1204 2807 1368 2859 Aulus
1407 2823 1726 2872 praenomen,
1760 2826 1842 2860 res
1876 2810 1941 2861 ab
1962 2811 2200 2873 Augusto
2237 2818 2413 2874 gestas
2444 2811 2713 2876 couscrip-

504 2885 593 2946 sit,
624 2884 994 2952 historiamque
1032 2887 1280 2937 bellorum
1312 2889 1561 2951 civilium,
1595 2896 1729 2940 teste
1764 2891 1982 2941 Sueton.
2018 2892 2073 2941 in
2101 2889 2339 2953 Augusto
2368 2905 2419 2939 c.
2442 2896 2531 2941 86.
2567 2898 2627 2940 et
2661 2892 2716 2941 in

501 2965 710 3015 Tiberio
742 2981 788 3015 c.
824 2970 909 3016 61.
976 2969 1209 3019 Mortem
1247 2970 1362 3033 ejus
1401 2970 1655 3021 describit
1692 2972 1891 3022 Seneca
1926 2972 2223 3037 plenissime
2254 2972 2306 3019 in
2342 2972 2615 3022 Consolat.
2651 2973 2716 3022 ad

505 3046 783 3110 Marciam,
803 3061 851 3097 c.
874 3051 957 3096 62.

575 3127 826 3185 Cornelius
864 3128 1142 3180 Alexander
1173 3133 1452 3198 Polyhistor
1483 3148 1516 3182 a
1557 3133 1834 3201 multiplici
1869 3134 2112 3184 doctrina
2145 3133 2461 3183 nominatus.
2529 3134 2715 3183 Patria

503 3207 644 3258 hunc
683 3209 946 3258 Milesium
984 3212 1203 3275 Suidas3
1251 3215 1544 3278 Stephanus
1583 3214 1794 3279 aliique,
1830 3213 2049 3277 Cotiaei,
2082 3228 2198 3279 quae
2235 3215 2422 3264 civitas
2460 3214 2713 3279 Phrygia

505 3288 718 3339 minoris
741 3298 839 3346 est,
864 3299 1040 3341 natum
1058 3293 1259 3345 dicunt.
1327 3296 1600 3346 Cornelius
1618 3310 1649 3344 a
1666 3296 1889 3345 Lentulo
1900 3295 2089 3357 dictus,
2104 3295 2251 3358 cnjus
2267 3309 2449 3344 servus
2472 3296 2713 3358 primum,

506 3368 697 3418 deiude
719 3371 934 3421 libertus
957 3386 1018 3422 ae
1041 3376 1291 3437 magister
1311 3378 1509 3427 extitit.
1575 3376 1725 3427 Idem
1760 3376 2091 3442 Asclepiadae
2128 3377 2282 3440 filius,
2303 3378 2539 3426 Cratetis
2561 3377 2715 3427 disci·

507 3449 656 3509 pulus
678 3448 799 3499 fuit.
868 3451 1014 3501 Vixit
1038 3455 1258 3518 Syllanis
1291 3458 1633 3522 temporibus.
1684 3460 1918 3522 Scripsit
1946 3460 2278 3509 collectionem
2300 3460 2486 3507 Reum
2507 3459 2717 3508 Mirabi-

506 3527 625 3577 liam
643 3529 786 3579 libris
810 3545 921 3596 sex,
946 3539 1003 3582 ut
1027 3534 1309 3587 auctorest
1334 3539 1572 3601 Photius,
1595 3539 1714 3591 cod.
1739 3544 1852 3591 188.
1886 3556 1939 3605 p.
1966 3544 2078 3590 468.
2112 3537 2395 3601 Θαυμασίαν
2414 3537 2718 3611 cvra-rm.

508 3609 720 3660 Librum
758 3612 826 3661 de
859 3613 1036 3664 Rebus
1056 3616 1276 3667 „Indicis
1316 3620 1497 3670 laudat
1539 3622 1780 3671 Clemens
1823 3619 1976 3671 Alex.
2006 3622 2216 3671 strom.»
2239 3633 2324 3671 nt.
2363 3634 2419 3684 p.
2448 3624 2569 3669 451.
2635 3621 2715 3669 De

510 3691 728 3755 Illyrico
764 3693 938 3745 Valer.
978 3697 1119 3746 Max.
1156 3713 1281 3751 vin.
1323 3706 1398 3750 13.
1468 3703 1677 3751 Librum
1719 3702 1927 3752 tertium
1962 3714 2130 3751 rerum
2158 3701 2465 3751 Italicarum
2499 3701 2715 3751 Plut.in

513 3771 803 3834 P⁸¹⁸¹¹0¹582
825 3790 877 3838 p.
900 3780 1016 3829 315.
1080 3779 1228 3844 Opus
1266 3783 1324 3830 de
1369 3781 1620 3832 Venenum
1655 3782 1977 3844 Animalibus,
2001 3782 2106 3845 περὶ
2126 3783 2370 3845 θηριακῦν,
2393 3782 2714 3832 Scholiastes

511 3852 765 3902 Nicandri
802 3854 869 3903 ad
909 3856 1141 3909 Ther-iac.
1175 3862 1227 3910 in
1270 3863 1393 3926 fine,
1433 3879 1485 3928 p.
1527 3869 1609 3915 42.
1677 3865 1886 3914 Librum
1931 3864 2152 3927 primum
2189 3864 2255 3912 de
2292 3863 2450 3912 rebus
2487 3863 2714 3912 Creticis

509 3932 679 3984 Sebol.
720 3934 982 3997 Apollonii
1019 3941 1086 3989 ad
1120 3954 1199 3993 ιν.
1235 3948 1379 3995 1492.
1469 3947 1550 3994 De
1584 3946 1783 3996 Caricis
1817 3945 1953 3996 idem
1993 3944 2058 3993 ad
2094 3959 2133 3993 1.
2175 3949 2292 3994 925.
2356 3944 2438 3993 De
2484 3945 2714 4007 Europa,

512 4012 696 4144 Lilzag,
731 4015 974 4081 AEgypto,
1006 4023 1107 4071 ὅτε.
1145 4023 1247 4074 alii.
1314 4026 1395 4075 De
1427 4027 1633 4079 Judaeis
1676 4026 1907 4091 Assyriae
1936 4026 2126 4077 Euseb.
2153 4025 2245 4075 lib.
2272 4038 2353 4075 rx.
2380 4025 2448 4075 de
2472 4026 2714 4089 Praepar.

518 4108 572 4158 p.
693 4132 705 4145 .
1965 4130 1970 4137 .

586 4176 829 4226 Cornelius
850 4180 1081 4233 Bocchus.
1144 4186 1278 4237 Vide
1301 4189 1520 4238 Bocchus
1545 4189 1806 4240 Cornelius.

585 4256 832 4361 Cornelias
856 4262 1044 4325 Celsus.
1108 4266 1308 4318 Flos-uit
1345 4269 1537 4320 Tiberii
1574 4257 1908 4335 temporibus.
1978 4269 2117 4319 Octo
2139 4267 2285 4317 libris
2305 4265 2373 4317 de
2394 4266 2479 4319 Re
2503 4267 2715 4319 Medica
2786 4259 2803 4269 ’
