3000 4917
2336 366 2514 432 4815

297 525 759 611 padanorum¹
787 523 1159 607 agrestibus
1186 522 1484 588 foeminis
1507 524 1849 589 monilium
1880 523 2028 589 vice
2056 524 2332 592 succina
2361 546 2507 610 ges-

301 628 951 706 tantibuS,-maxime
974 626 1239 690 decoris
1264 626 1495 707 gratia,
1523 627 1642 691 sed
1665 632 1733 691 et
1757 626 2113 692 medicinae
2134 635 2191 689 :⁸
2233 630 2508 711 quando

302 729 603 794 tonsillis
648 728 939 794 creditur
983 728 1319 805 resistere,
1351 733 1421 790 et
1462 726 1762 791 faucium
1799 727 2008 805 vitiis,
2045 728 2234 793 vario
2278 748 2512 811 genere

301 832 669 916 aquarumt
706 832 917 914 juxta
967 829 1328 894 infestante
1349 826 1401 875 ³⁶
1452 834 1720 909 guttura
1770 847 1851 893 ac
1902 828 2162 893 vicinas
2216 838 2512 894 carnes.⁸¹

303 933 661 999 Sexcentis
703 932 841 997 fere
887 949 968 994 Μ.
999 950 1187 1014 pass.
1220 949 1262 993 a
1297 928 1639 994 Carnunto
1670 929 2042 995 Pannoniae
2075 933 2274 996 abest
2316 932 2511 997 littus

300 1033 381 1096 id
407 1032 812 1109 Germaniae,
842 1052 933 1096 ex
963 1030 1479 1117 quo-invehitur,
1508 1033 1967 1115 percognitum
1993 1054 2224 1117 nuper.
2311 1034 2512 1100 Vidit

302 1135 491 1199 enim
519 1154 726 1219 eques
750 1135 1129 1213 Romanus»,
1152 1135 1399 1198 missus
1423 1133 1510 1197 ad
1534 1134 1603 1198 id
1625 1138 2147 1219 comparandum
2171 1156 2213 1201 a
2231 1136 2279 1201 J
2285 1138 2511 1203 uliano

303 1245 584 1301 curante
630 1236 1107 1318 gladiatorium
1154 1243 1443 1300 munusv
1487 1234 1777 1302 Neronis
1820 1239 2169 1322 principiS,
2199 1239 2317 1321 qui
2360 1239 2511 1303 haec

303 1340 712 1403 commercia
762 1347 833 1402 et
884 1339 1110 1403 littora
1159 1337 1559 1422 peragravit,
1611 1344 1800 1403 tanta
1846 1341 2047 1423 copia
2094 1341 2390 1417 invecta,
2439 1345 2513 1404 ut

302 1442 478 1505 retia
521 1440 825 1505 arcendis
863 1441 1027 1504 feris
1071 1439 1403 1523 podiumW
1448 1441 1860 1522 protegentia
1891 1443 2160 1506 succino
2187 1442 2511 1506 nodaren-

303 1550 499 1607 tur:¹
543 1561 729 1608 arma
760 1546 1047 1620 vero,·ct
1075 1541 1391 1617 libitinaf‘!
1418 1547 1739 1624 totusque
1757 1550 1808 1592 ³⁷
1842 1544 2040 1607 unius
2079 1543 2255 1608 diei⁸
2297 1561 2511 1626 appa-

845 379 1026 429 NA‘r.
1071 348 1269 430 mer.
1317 378 1463 426 mn.
1511 377 1831 430 xxxva.
1873 365 1981 428 11.

1219 1704 1409 1728 ΟΜ
1414 1703 1600 1725 mm

303 1822 643 1886 transpadanis
663 1796 928 1885 agrestium
953 1822 1077 1871 Vet.
1098 1822 1286 1873 Dalec.
1320 1795 1741 1885 transpadanorum
1762 1825 2021 1885 agrestium
2043 1823 2110 1872 al.
2133 1827 2392 1875 reth—86
2424 1825 2512 1874 Ita

305 1902 375 1936 ex
398 1888 552 1937 codd.
578 1887 880 1937 Harduinus
905 1892 960 1936 et
983 1893 1204 1937 recentt.
1256 1901 1487 1949 aquarum
1512 1889 1780 1947 gelidarum
1811 1890 1936 1951 apud
1965 1889 2073 1936 illos
2109 1888 2366 1946 infestante
2388 1889 2510 1938 Vet-

302 1953 497 2003 Dalec.
529 1965 757 2016 aquarum
771 1950 927 2013 Juxta
953 1951 1061 2001 illos
1090 1950 1349 2012 infestante
1370 1951 1602 2002 Gronov.
1636 1959 1691 2002 et
1728 1954 2028 2017 vulga—37
2066 1951 2198 2002 Cod.
2220 1951 2402 2002 Dalec.
2436 1958 2510 2001 to·

1301 2097 1525 2148 NOTAE

307 2200 454 2250 runt,
476 2209 593 2259 quae
630 2209 747 2245 cum
785 2209 882 2259 per
907 2194 1214 2245 Pannonica
1234 2207 1373 2244 com-

305 2273 509 2321 mercia
529 2285 621 2320 usu
643 2270 709 2320 ad
729 2271 1128 2335 Transpadanos
1142 2271 1374 2322 homines

302 2346 455 2399 foret
474 2350 744 2410 devoluta,
766 2348 904 2413 quod
928 2347 998 2397 ibi
1018 2349 1235 2412 primum
1257 2361 1374 2397 nos-

308 2427 381 2475 tri
408 2425 666 2484 videraut,
691 2425 762 2475 ibi
784 2425 939 2474 etiam
961 2430 1137 2475 natum
1162 2431 1376 2491 putave-

309 2500 479 2554 runt!

376 2583 401 2609 1'
452 2538 919 2640 Ranszradanmm]
970 2574 1061 2624 Sic
1099 2574 1229 2623 Mss.
1273 2589 1376 2625 non

311 2653 782 2716 hanape-danorum.
828 2649 1062 2699 Isidorus
1084 2650 1233 2713 Orig.
1259 2664 1378 2700 xvr.

308 2735 363 2780 8.
419 2728 508 2777 ‘E
551 2728 761 2777 succino
796 2726 930 2776 fiunt
968 2725 1172 2775 decoris
1209 2725 1377 2789 gratia

309 2805 598 2868 agrestium
622 2802 948 2852 feminarum
970 2800 1214 2850 monilia.'
1250 2801 1377 2852 Ovi-

309 2883 433 2930 dius
478 2893 637 2943 supra
673 2877 932 2934 laudatus,
971 2882 986 2905 ‘
1011 2878 1226 2928 nuribus
1264 2893 1376 2942 ges-

309 2957 476 3008 tanda
499 2954 734 3006 Latinis!

377 3042 399 3067 ⁸
429 3033 530 3082 Sed
560 3036 610 3081 et
649 3029 918 3092 medicina]
950 3028 1085 3079 Vide
1122 3026 1375 3079 Matthia·

308 3110 420 3158 lum
444 3108 497 3156 in
515 3106 699 3156 Diosc.
722 3119 762 3154 r.
779 3108 863 3155 98.
885 3118 939 3167 p.
966 3108 1079 3153 139.

378 3186 399 3217 ²
435 3183 586 3232 Vario
601 3177 1039 3244 geaereaquarum]
1072 3177 1373 3228 Praesertim

310 3260 582 3321 nivalium,
604 3274 719 3325 quae
742 3272 807 3307 ex
826 3256 1038 3306 summis
1067 3255 1274 3318 Alpium
1287 3254 1376 3318 ju·

311 3339 396 3401 gis
413 3337 626 3401 liquatae
649 3348 764 3383 cum
783 3332 1017 3382 amnibus
1035 3331 1376 3381 corrivantur.

311 3410 451 3464 Inde
474 3412 682 3463 strumis
704 3425 882 3461 eorum
921 3410 1146 3459 amnium
1188 3408 1376 3458 aceolae

312 3498 628 3555 potor-esque
651 3487 882 3538 obnoxii.

381 3575 406 3601 ⁸
440 3567 517 3616 Ac
553 3566 736 3615 vicinas
761 3562 952 3625 earnes]
1008 3560 1195 3612 Nullus
1235 3566 1317 3609 est
1347 3574 1379 3611 e

244 3636 257 3642 ”
312 3642 450 3692 Mss.
471 3640 737 3691 codicibus
771 3639 859 3704 qui
898 3637 1146 3688 Salmasio
1182 3634 1381 3699 faveat,

312 3720 391 3770 ita
412 3716 786 3780 tegentia-uxta
802 3715 869 3764 iis
886 3712 1144 3774 infestante
1159 3717 1379 3774 matura,

318 3811 378 3845 ac
395 3793 573 3845 uicinis
596 3792 789 3842 Carnis.

382 3880 408 3904 V
443 3868 800 3920 Gladiatorium
816 3864 1007 3929 mnus]
1040 3865 1192 3917 Quod
1208 3864 1260 3913 in
1277 3879 1381 3914 am·

315 3945 618 4010 phitheatro
656 3943 847 4007 ligneo,
881 3941 935 3990 in
968 3939 1175 4003 regione
1201 3938 1380 3990 Martii

314 4020 492 4085 campi
528 4020 671 4070 intra
708 4018 829 4067 anni
867 4017 1091 4081 spatium
1112 4010 1384 4076 fabricato,

317 4096 486 4148 dedit.
531 4093 812 4144 Suetonius
830 4093 1143 4155 inNerone,
1164 4105 1213 4140 c.
1242 4094 1321 4140 12.

381 4182 415 4206 '¹
440 4171 675 4234 Pedium]
703 4168 1008 4223 Orchestra,
1031 4168 1082 4216 in
1105 4182 1208 4229 qua
1229 4173 1382 4216 erant

316 4250 631 4301 Senatorum
653 4245 926 4309 designata
949 4245 1081 4309 loca,
1101 4245 1278 4295 Romoe
1300 4244 1375 4293 in·

1450 2199 1533 2243 ter
1554 2208 1743 2246 euneos
1765 2201 1821 2245 et
1842 2210 2049 2245 scenam
2082 2195 2359 2259 interjecta
2382 2200 2512 2258 erat,

1450 2269 1723 2333 praeducta
1763 2286 1912 2320 muro
1953 2271 2141 2334 pedem
2185 2285 2339 2319 :inrum
2381 2270 2511 2330 alto,

1453 2346 1589 2409 quod
1625 2348 1833 2410 podium
1867 2347 2173 2398 dicebatur:
2209 2347 2297 2411 qui
2336 2361 2510 2396 murus

1450 2422 1700 2472 columnis
1732 2430 1838 2474 tres
1873 2425 2033 2487 pedes
2065 2423 2184 2473 altis
2209 2423 2511 2484 ornabatur,

1450 2499 1636 2561 quibus
1688 2505 2009 2563 spectatores
2074 2497 2227 2547 inniti
2284 2503 2512 2561 possent.

1450 2573 1581 2624 Erat
1609 2575 1879 2625 orchestra
1900 2574 2148 2637 graduum
2174 2580 2398 2636 quatuor
2420 2578 2510 2622 aut

1451 2648 1699 2714 quinque,
1717 2650 1870 2712 longa
1899 2649 2163 2698 dimidiam
2197 2661 2368 2697 scena:
2391 2662 2512 2712 par-

1452 2730 1577 2776 tem.
1642 2727 1851 2777 Gradus
1875 2725 2157 2782 orchestrae
2180 2724 2509 2788 dignissimus

1452 2802 1585 2852 imus
1608 2801 1728 2865 fuit,
1754 2802 1907 2866 podio
1930 2802 2214 2866 proximus,
2247 2807 2303 2849 et
2323 2813 2512 2850 scenoe.

1451 2879 1723 2929 ,luvenalis
1755 2880 1866 2931 Sat.
1892 2893 1955 2930 11.
1985 2882 2097 2928 145.
2128 2879 2144 2906 ‘
2165 2878 2235 2926 Et
2258 2876 2509 2939 Capitoli·

1452 2955 1533 3003 nis
1569 2955 1885 3017 generosior,
1906 2961 1961 3003 et
1983 2953 2269 3014 Marcellis,
2309 2953 2380 3002 Et
2410 2953 2511 3002 Ca-

1452 3028 1573 3092 tuli,
1608 3029 1862 3092 Paulique
1893 3028 2194 3088 minoribus,
2231 3033 2286 3075 et
2318 3024 2514 3087 Fabiis,

1450 3110 1507 3154 et
1524 3104 1774 3154 Omnibus
1797 3105 1861 3154 ad
1888 3103 2096 3168 podium
2116 3101 2509 3167 spectantibus:
2551 3151 2560 3163 Ι,

1451 3181 1531 3230 his
1554 3179 1680 3229 licet
1704 3180 1867 3242 ipsum
1891 3179 2201 3242 Admoveas,
2216 3178 2361 3242 cujus
2386 3183 2510 3227 tunc

1451 3270 1664 3306 munere
1692 3257 1824 3305 retia
1848 3255 2022 3305 misit!

1517 3339 1545 3367 ¹
1578 3332 1779 3381 Sucoiao
1801 3330 2110 3393 moderentur]
2146 3328 2326 3379 Nodos
2353 3329 2509 3379 habe-

1453 3408 1581 3457 bant
1624 3422 1655 3456 e
1700 3408 1927 3458 succino.
2010 3406 2099 3456 Sic
2139 3405 2271 3454 Mss.
2304 3405 2434 3468 Reg.
2458 3411 2509 3454 2.

1456 3483 1603 3533 Colb.
1625 3486 1677 3532 8.
1699 3483 1916 3548 aliique:
1943 3497 2044 3532 non
2066 3482 2268 3532 succinis
2289 3487 2509 3532 notaren-

1455 3563 1554 3622 tur,
1579 3564 1638 3608 ut
1658 3558 1801 3608 editi.
2495 3550 2500 3557 ’

1519 3641 1543 3676 5
1576 3635 1647 3683 Et
1679 3633 1895 3697 libitina]
1939 3632 2135 3682 Lectus
2172 3645 2275 3695 quo
2311 3629 2507 3693 gladia-

1454 3715 1598 3759 tores
1635 3708 1688 3758 in
1725 3723 1881 3759 arena
1917 3705 2107 3757 mortui
2131 3704 2304 3755 statim
2327 3701 2509 3752 effere·

1454 3784 1648 3835 bantur
1685 3785 1910 3835 Libitina
1930 3783 2232 3833 dicebatur:
2267 3780 2507 3843 quoniam

1454 3861 1508 3910 in
1532 3860 1645 3909 aede
1668 3859 2052 3933 Libitinse‘Deae
2078 3865 2380 3920 pararentur
2401 3869 2509 3903 om-

1454 3936 1543 3984 nia
1574 3935 1870 3985 necessaria
1900 3933 1966 3982 ad
1993 3930 2267 3980 funebrem
2287 3943 2509 3994 appara·

1456 4016 1585 4060 tum.
1673 4009 1950 4060 Horatius:
2008 4008 2026 4034 ‘
2058 4007 2330 4071 Multaque
2391 4002 2516 4069 pars*

1452 4084 1555 4136 mei
1578 4086 1780 4136 Vitabit
1803 4083 2121 4135 Libitinam!

1491 4171 1515 4195 ²
1551 4163 1784 4228 rotasque
1800 4162 1942 4212 unius
1962 4160 2087 4224 diei]
2120 4157 2327 4209 Solinus
2350 4173 2397 4210 c.
2414 4161 2499 4207 20.
