3000 4917
1187 443 1634 497 livorosum.
2331 433 2506 502 4931

291 599 352 639 ro
377 594 432 639 et
456 583 739 638 Columella
763 601 802 637 ι.
827 590 872 637 1.
906 599 1023 637 crim
1048 585 1231 639 Attalo
1269 588 1628 638 Philometore
1663 586 1910 654 Pergami
1948 603 2090 655 rege.
2157 591 2329 644 Multa
2351 591 2418 644 de
2440 605 2505 650 eo

292 669 550 733 praeclara
571 669 728 718 babet
749 668 992 719 Valerius
1015 669 1160 719 Max.
1188 684 1315 722 vm.
1344 674 1424 720 13.
1451 685 1505 733 p.
1528 675 1647 726 405.
2492 713 2497 724 .

297 791 308 798 .
359 749 578 799 Himilco
600 743 1109 815 Carthaginiensium
1134 752 1281 815 Dux,
1302 766 1455 815 quem
1477 753 1581 802 iter
1598 766 1766 813 suum,
1787 766 1885 801 seu
1909 750 2189 817 neptum,
2208 754 2375 806 literis
2398 757 2509 808 Pu·

291 829 423 880 nicis
448 832 778 895 consignasse
805 833 954 886 testis
978 837 1061 883 est
1082 833 1264 882 Festus
1289 832 1522 882 Avienus
1545 832 1624 881 his
1648 832 1967 896 versibus,in
1991 835 2356 899 Descriptioue
2377 838 2505 891 01·ae

295 909 612 975 Maritimae,
660 928 734 964 vs.
755 917 872 964 412
907 913 1076 963 ‘Haec
1114 914 1237 963 olim
1276 913 1506 963 Himilco
1539 914 1734 964 Poenus
1778 913 1994 965 Oceano
2032 929 2188 979 super
2227 916 2504 981 Spectasse

294 1000 483 1057 semet,
506 999 560 1042 et
597 994 847 1057 probasse
884 995 1090 1044 retulit·
1127 995 1263 1046 Haec
1290 1009 1383 1045 nos
1418 995 1485 1045 ab
1510 995 1626 1045 imis
1646 995 1960 1048 Punicorum
1992 996 2264 1048 annalibus
2286 998 2507 1052 Prolata

291 1071 449 1135 longo
476 1082 714 1138 tempore
736 1074 989 1125 edidimus
1016 1073 1151 1125 tibi-⁹

360 1152 671 1216 Hipparchus
694 1155 943 1205 Nicaenus
968 1169 997 1205 e
1021 1154 1285 1219 Bithynia,
1322 1162 1380 1206 ut
1418 1156 1607 1207 Suidas
1630 1157 1708 1207 ait
1733 1173 1784 1220 p
1813 1161 1956 1208 1264.
1991 1127 2387 1222 Astrologorum
2413 1173 2505 1214 suc

293 1238 456 1283 aetate
481 1234 744 1298 princeps.
813 1236 1015 1286 Floruit
1039 1236 1252 1299 olymp.
1275 1248 1424 1287 cmv.
1470 1238 1670 1287 Extant
1690 1238 1961 1290 illiuslibri
1986 1246 2091 1288 tres
2106 1239 2504 1294 Enarrationum

292 1313 361 1363 ad
401 1315 554 1366 Arati
588 1323 644 1364 et
689 1317 894 1366 Eudoxi
929 1316 1295 1373 phaenomena,
1338 1318 1561 1372 Petavio
1596 1326 1773 1368 nostro
1811 1319 2119 1383 interprete.
2182 1321 2408 1383 Scripsit
2451 1328 2508 1374 et

289 1395 482 1448 librum
507 1396 819 1459 singularem
844 1397 911 1446 de
930 1411 1105 1447 mense
1132 1398 1345 1456 Lunari‚
1376 1405 1435 1446 ut
1458 1407 1642 1448 auctor
1660 1406 1742 1449 est
1765 1399 1999 1451 Galenus
2025 1407 2150 1451 tour.
2171 1415 2297 1451 vm.
2329 1402 2418 1454 lib.
2439 1402 2505 1453 dc

289 1471 501 1528 Diebus
525 1478 866 1534 Decretoriis‚
902 1492 986 1529 111.
1028 1483 1078 1529 4.
1112 1493 1165 1541 p.
1195 1482 1310 1528 496.
1375 1477 1548 1529 Alium
1585 1480 1709 1530 item
1746 1477 1812 1530 de
1853 1482 2119 1531 stellarum
2163 1482 2505 1536 inerrantium

293 1558 694 1621 constitutione,
715 1566 853 1609 teste
871 1559 1054 1614 eodem
1079 1559 1260 1609 Suida.

362 1639 682 1703 Hippocrates
709 1641 854 1704 Cous,
892 1641 978 1704 qui
1017 1641 1230 1703 primus,
1264 1647 1324 1691 ut
1362 1642 1521 1692 Plinii
1557 1642 1730 1692 verbis
1774 1648 1911 1707 utar,
1951 1641 2193 1693 medendi
2234 1649 2506 1707 praecepta

292 1722 585 1771 clarissime
608 1722 873 1772 condidit·
908 1721 974 1771 de
1016 1736 1116 1787 quo
1151 1723 1449 1773 Macrobius
1487 1723 1834 1787 magnifice,‘
1854 1725 2231 1789 Hippocrates,
2270 1726 2356 1789 qui
2398 1731 2506 1778 tam

286 1799 504 1861 fallere,
527 1816 677 1865 quam
701 1799 812 1850 falli
836 1800 1041 1859 nescit,'
1073 1803 1125 1850 in
1145 1802 1319 1852 Somn.
1343 1804 1485 1867 Scip.
1511 1818 1551 1854 ι.
1573 1809 1624 1855 6.
1647 1820 1698 1868 p.
1714 1810 1796 1856 39.
1862 1806 1946 1856 De
1968 1819 2033 1855 eo
2054 1806 2209 1870 plura
2230 1819 2333 1858 vn.
2353 1810 2438 1860 37.

362 1882 583 1934 Hirtius.
648 1882 940 1932 Tliuanaeus
963 1883 1150 1946 codex,
1167 1891 1222 1934 et
1247 1885 1398 1935 Colb.
1417 1890 1470 1935 2.
1508 1886 1575 1937 Q.
1600 1886 1833 1938 Hirrium
1858 1894 2066 1938 vocant.

365 1963 624 2016 Homerus.
689 1964 786 2013 Ille
807 1964 1111 2014 Graecorum
1138 1965 1407 2029 poetarum
1433 1968 1712 2031 princeps:

363 2045 603 2095 Horatius
622 2046 843 2109 Flaccus,
871 2046 1195 2110 Lyricorum,
1217 2048 1355 2098 inter
1380 2048 1615 2100 Latinos.

293 2174 300 2178 .
365 2127 532 2176 Horas
556 2126 883 2189 Assyriorum
905 2141 1017 2185 rex.
1047 2127 1137 2193 qui
1160 2129 1320 2178 multa
1340 2129 1724 2186 medicamenta
1749 2129 2091 2194 excogitavit.
2162 2131 2369 2183 Laudat
2388 2146 2507 2186 eum

288 2204 500 2260 Plinius
527 2218 666 2255 xxx.
684 2209 770 2255 51.

371 2286 618 2350 Hyginus,
641 2293 989 2350 cognomento
1012 2287 1331 2353 Polybistor,
1354 2290 1526 2355 iuquit
1550 2291 1856 2356 Hieronym.
1882 2292 1933 2341 in
1973 2292 2163 2343 Chron.
2199 2292 2263 2342 ad
2290 2292 2508 2357 olymp.

292 2379 473 2417 cxcn.
510 2383 592 2417 an.
611 2372 662 2417 4.
731 2370 812 2418 De
830 2383 893 2419 eo
911 2370 1185 2419 Suetonius
1208 2370 1273 2420 de
1293 2371 1497 2421 Illuslr.
1539 2372 1772 2424 Gramm.
1797 2388 1846 2422 c.
1868 2377 1951 2423 20.
1987 2388 2041 2437 p.
2065 2376 2181 2423 123.
2216 2374 2232 2401 ⁴
2253 2373 2314 2422 C.
2332 2373 2508 2424 Julius

292 2450 564 2513 Hyginus,
597 2448 820 2512 Augusti
853 2451 1093 2508 libertus,
1121 2452 1333 2502 natione
1373 2453 1659 2517 Hispanus,
1678 2487 1692 2503 .
1719 2488 1734 2504 .
1758 2488 1772 2506 .
1795 2453 2010 2518 praefuit
2045 2452 2306 2504 Palatinae
2341 2453 2510 2503 Bion.

293 2530 503 2582 othecae
528 2562 542 2578 .
565 2562 579 2579 .
605 2565 618 2581 .
636 2528 1064 2581 familiarissimus
1090 2532 1283 2582 Ovidio
1303 2532 1512 2597 poetae?
1532 2538 1631 2584 διο.
1696 2535 1923 2599 Scripsit
1946 2534 2012 2585 de
2042 2535 2256 2585 urbibus
2286 2534 2512 2596 Italicis,

293 2618 363 2662 ut
386 2617 613 2661 testatur
635 2611 934 2664 Macrobius
954 2613 1164 2662 Salurn.
1182 2628 1220 2663 1.
1244 2617 1294 2662 7.
1319 2628 1371 2676 p.
1389 2618 1507 2664 216.
1572 2615 1826 2667 Quintum
1847 2616 2111 2673 librorum,
2129 2630 2219 2664 seu
2240 2615 2513 2666 Commen-

294 2693 566 2751 tariorum,
588 2707 715 2757 quos
736 2694 788 2742 in
808 2693 1081 2757 Virgilium
1107 2691 1254 2750 fecit,
1273 2694 1452 2743 laudat
1475 2694 1611 2743 idem
1634 2695 1845 2745 Saturn.
1871 2709 1948 2745 vr.
1964 2699 2015 2745 9.
2034 2710 2087 2760 p.
2110 2699 2226 2746 669.
2265 2694 2512 2745 Meminit

294 2773 536 2839 ejusdem
555 2775 727 2838 operis
745 2774 950 2826 Gellius
968 2789 1176 2839 quoque
1201 2788 1240 2826 1.
1267 2778 1349 2824 21.
1380 2791 1431 2839 p.
1448 2779 1531 2825 92.
1553 2777 1640 2840 qui
1677 2785 1934 2839 praeterea
1973 2777 2343 2838 Exemplorum
2366 2777 2510 2825 volu·

293 2870 421 2909 men
455 2855 523 2905 ab
560 2871 625 2907 eo
670 2856 886 2913 editum,
920 2870 978 2906 x.
1019 2861 1099 2906 18.
1136 2871 1189 2921 p.
1219 2860 1337 2907 545.
1370 2858 1602 2922 aliosque
1633 2857 1757 2907 alibi
1791 2857 1951 2907 libros
1985 2864 2243 2908 recenset.
2310 2856 2508 2907 Ascon.

294 2937 521 2990 Pedian.
546 2938 597 2987 in
623 2938 779 2988 Orat.
810 2938 861 2987 in
883 2939 1064 2987 Pisou.
1087 2953 1140 3002 p.
1159 2942 1209 2989 6.
1241 2937 1428 2987 librum
1455 2940 1682 3001 priorem
1722 2941 1737 2966 ‘
1758 2940 1842 2988 De
1866 2940 2008 2987 Viris
2045 2936 2248 2988 Claris.’
2312 2938 2510 2987 Secun-

297 3018 424 3069 dum
443 3018 511 3068 de
534 3016 891 3083 Agricultura,
908 3019 1176 3069 Charisius
1198 3017 1289 3068 lib.
1314 3032 1352 3068 ι.
1380 3033 1432 3081 p.
1455 3022 1570 3069 115.
1641 3019 1922 3082 Egregium
1945 3028 2026 3067 est
2045 3019 2342 3068 Columellas
2365 3019 2427 3067 de
2446 3033 2510 3072 eo

298 3098 548 3163 elogium,
567 3112 651 3149 lx.
671 3104 722 3150 2.
744 3114 796 3164 p.
814 3103 929 3150 317.
962 3101 978 3128 ⁸
995 3100 1077 3148 De
1099 3100 1361 3148 alveorum
1385 3097 1546 3159 απαξ
1581 3098 1771 3162 inquit,
1800 3098 1816 3124 ‘
1837 3112 2004 3162 neque
2028 3098 2330 3161 diligentius
2363 3100 2512 3163 quic-

297 3192 459 3242 quam
484 3179 704 3243 praecipi
730 3184 926 3241 potest,
949 3193 1103 3243 quam
1129 3178 1197 3228 ab
1220 3178 1431 3244 Hygino
1462 3178 1574 3240 jam
1598 3177 1796 3228 dictum
1819 3186 1922 3241 est,
1958 3192 2057 3227 nec
2090 3178 2326 3228 ornatius
2352 3194 2509 3244 quam

302 3259 550 3322 Virgilio,
582 3274 685 3309 nec
708 3260 999 3322 elegantius
1024 3274 1176 3323 quam
1213 3260 1384 3310 Celso.
1453 3260 1691 3323 Hyginus
1721 3266 1957 3308 veterum
2003 3265 2274 3310 auctorum
2314 3260 2511 3322 placita.

303 3341 526 3390 secretis
565 3339 804 3405 dispersa
834 3340 1180 3390 monumentis
1209 3341 1468 3392 industrie
1506 3341 1745 3403 collegite
1781 3339 2029 3403 Virgilius
2054 3338 2272 3404 poeticis
2294 3337 2511 3390 floribus

300 3420 650 3470 illuminavit:
685 3422 869 3471 Celsus
895 3422 1162 3486 utriusque
1185 3424 1454 3471 memorati
1496 3421 1733 3470 adhibuit
1760 3418 2011 3472 modum.’
2073 3419 2352 3483 Scripsisse
2378 3434 2512 3484 prae-

304 3508 456 3552 terea
489 3501 557 3551 de
592 3501 777 3567 apibus
815 3501 1074 3565 significat
1108 3502 1246 3551 idem
1280 3502 1572 3553 Columella
1604 3514 1684 3550 rx.
1705 3504 1783 3550 13.
1808 3504 1991 3564 ρ.334.
2060 3500 2224 3550 Extat
2255 3500 2511 3566 hodieun

305 3584 418 3647 ejus
438 3578 861 3638 Astronomicum
885 3582 1192 3646 ροὲιὶοιιω.»
1233 3581 1307 3632 At
1338 3582 1469 3632 liber
1506 3583 1571 3631 de
1610 3581 1861 3631 limitibus
1883 3580 2261 3631 constituendis
2294 3581 2513 3634 alterius

306 3664 512 3729 Hygini
535 3670 617 3714 est
636 3663 797 3713 multo
823 3664 1147 3713 recentioris.

372 3745 551 3810 Hylas.
618 3743 850 3808 Scripsit
873 3744 939 3793 de
965 3742 1212 3806 auguriis,
1244 3748 1379 3794 teste
1401 3742 1578 3792 Plinio
1602 3755 1658 3791 x.
1687 3745 1766 3813 18.
1834 3740 1985 3792 Inter
2019 3746 2264 3792 externos
2292 3742 2512 3806 scripto·

306 3841 390 3880 res
415 3825 723 3882 censendus,
746 3837 842 3875 nec
869 3823 1147 3874 Romanos.

378 3987 596 4038 Iacchus.
667 3988 819 4037 Inter
841 3985 1225 4038 Grammaticos
1258 3984 1478 4035 Iacchus
1517 3990 1762 4038 censetur
1791 3981 1931 4047 apud
1967 3982 2184 4034 Sueton.
2219 3981 2288 4032 de
2312 3982 2510 4035 illustr.

312 4070 546 4121 Gramm.
571 4082 620 4118 c.
643 4072 693 4118 3.
717 4082 770 4131 p.
796 4072 908 4119 120.

378 4149 592 4198 Icetidas
615 4147 851 4205 Medicus,
889 4147 953 4198 de
989 4162 1092 4213 quo
1127 4147 1265 4200 Plin.
1289 4159 1500 4198 xxvm.
1534 4150 1617 4198 23.
1655 4159 1932 4211 perperam
1970 4144 2023 4195 in
2061 4145 2246 4198 Indice
2283 4146 2512 4211 scriptus

311 4228 551 4292 Jcacidus.

382 4309 555 4362 Iccius.
622 4307 753 4361 Quis
770 4307 857 4360 ille
885 4307 972 4367 sit,
994 4308 1161 4362 adbuc
1178 4307 1575 4376 incompertum.
1607 4308 1671 4362 Iu
1691 4307 1873 4364 Indice
1895 4307 2038 4362 edito
2058 4307 2271 4374 legitur,
2292 4308 2351 4360 C.
2368 4307 2513 4358 letio.
