3000 4917
473 362 647 428 4646
1211 379 1276 429 o.
1327 377 1572 428 Pell-111
1621 378 1953 430 saeuum

468 527 688 603 nassi,
741 523 1080 590 Mausoli:
1121 536 1291 607 quae·
1329 527 1533 590 etiam
1583 545 1761 590 nunc
1824 525 2086 589 durant.
2177 524 2677 590 Lacedaemone

475 627 748 711 quidem
779 627 1088 691 excisum
1123 625 1432 690 lateritiis
1464 627 1832 708 parietibus
1864 645 2041 709 opus
2071 627 2441 704 tectorium,
2475 647 2684 715 prop·

472 735 573 794 ter
599 726 1066 793 excellentiam
1089 727 1415 809 picturae,
1440 727 1688 809 ligneis*
1707 728 1942 792 formis
1985 729 2347 820 inclusum,
2378 729 2682 794 Romam

474 825 905 915 deportaveie
953 831 1021 894 in
1067 830 1414 907 aedilitate,
1458 830 1547 893 ad
1593 829 1950 896 Comitium
1997 831 2481 908 exornandum,
2526 830 2685 896 Mu·

470 941 707 999 raenaq
749 939 815 997 et
842 931 1084 998 Varro.
1176 932 1349 997 Cum
1378 951 1555 1016 opus
1584 951 1705 1016 per
1734 932 1846 997 se⁸
1891 932 2128 997 mirum
2157 939 2365 1010 esset,
2395 933 2687 1027 transia·

474 1028 619 1100 tum
648 1039 869 1100 tamen
898 1035 1111 1117 magis
1143 1036 1561 1101 mirabantur.
1653 1036 1735 1100 In
1779 1037 1989 1103 Italia
2030 1055 2302 1119 quoque
2345 1036 2683 1100 lateritius

475 1157 705 1203 murus
753 1136 1003 1202 Arretii
1051 1143 1117 1201 et
1171 1138 1512 1203 Mevaniae
1559 1143 1687 1203 est.
1775 1131 2022 1204 Romae
2074 1158 2204 1202 non
2259 1137 2472 1201 fiunt*
2518 1137 2685 1202 talia

472 1240 790 1317 aedificia,
818 1240 981 1323 quia
1029 1238 1527 1324 sesquipedalis
1572 1240 1796 1324 paries
1841 1260 1977 1304 non
2025 1241 2179 1323 plus
2225 1258 2431 1323 quam
2480 1258 2683 1304 unam

472 1342 1040 1423 contignationem
1065 1341 1328 1406 tolerat.
1401 1339 1819 1424 Cautumque
1843 1349 1968 1419 est,
1990 1361 2077 1407 ne
2099 1340 2476 1407 communis
2504 1359 2685 1405 eras-

466 1445 612 1508 'sior
643 1443 780 1522 fiat,
807 1463 936 1509 nee
966 1444 1521 1526 intergerivorum
1540 1448 1606 1494 ⁹⁸
1649 1445 1818 1508 ratio
1850 1440 2113 1527 patitur.

564 1563 634 1610 1„
676 1545 882 1632 (xv.)
923 1545 1105 1610 Haeo
1149 1541 1284 1610 sint
1312 1545 1503 1610 dicta
1549 1545 1632 1610 de
1679 1547 2017 1611 lateribus·
2105 1545 2188 1610 In
2222 1552 2415 1610 terrae
2448 1554 2683 1610 autem

473 1649 752 1730 reliquis
799 1642 1160 1730 generibus
1203 1647 1312 1713 vel
1358 1648 1653 1712 maxime
1699 1648 1868 1713 mira
1918 1653 2154 1713 natura
2198 1655 2303 1713 est
2353 1648 2681 1721 sulfuris,¹

471 1766 612 1832 quo
643 1749 935 1831 plurima
963 1748 1334 1814 domantur.
1376 1762 1383 1767 ’
1428 1748 1753 1815 Nascitur
1780 1751 1850 1814 in
1881 1750 2168 1814 insulis*
2212 1749 2463 1815 AEoliis
2508 1752 2685 1814 inter

473 1851 784 1917 Siciliam
815 1858 885 1915 et
916 1850 1211 1929 Italiam,
1251 1870 1427 1934 quas
1468 1852 1702 1916 ardere
1733 1851 2080 1917 diximus.¹’
2169 1852 2303 1917 Sed
2333 1852 2683 1916 nobilissi-

471 1973 655 2018 mum
716 1955 782 2018 in
835 1953 1077 2018 ‘Melo‘
1118 1953 1363 2019 insula.
1455 1953 1538 2019 In
1596 1953 1799 2019 Italia
1858 1974 2131 2039 quoque
2190 1955 2552 2031 invenitur,
2614 1957 2686 2018 in

477 2054 936 2139 Neapolitano
971 2056 1462 2140 Campanoque
1494 2076 1677 2140 agro,
1708 2057 1991 2122 collibus
2013 2059 2129 2142 qui
2154 2065 2476 2122 vocantur
2506 2058 2685 2122 Leu-

471 2153 738 2238 cogaei.⁶
828 2157 937 2222 Ibi
983 2178 1022 2222 e
1075 2142 1496 2223 cunioulis²⁶
1541 2157 1883 2237 effossum,
1923 2159 2257 2242 perficitur
2299 2158 2457 2241 igni.
2547 2157 2682 2224 Ge-

475 2277 636 2324 nera
682 2257 1050 2343 quatuorzf
1090 2261 1335 2341 vivum,
1367 2261 1551 2345 quod
1597 2261 1831 2327 Graeci
1873 2270 2172 2346 apyronss
2218 2269 2484 2339 vocant,
2527 2282 2682 2327 nas-

1395 2426 1755 2448 “mum“

479 2524 719 2585 Trallibus
739 2525 856 2576 cod.
877 2526 1161 2576 nalem—8
1193 2527 1280 2577 Ita
1318 2542 1383 2576 ex
1403 2526 1559 2577 codd.
1582 2526 1883 2577 Harduinus
1907 2533 1963 2577 et
1984 2533 2205 2577 recentt.
2277 2527 2415 2583 Quod
2434 2541 2552 2590 opus
2576 2541 2684 2575 cam

471 2604 558 2651 per
578 2604 629 2637 se
651 2588 881 2639 Gronov.
905 2600 961 2639 et
1003 2593 1279 2654 vulgg.-9
1311 2592 1397 2642 Ita
1430 2607 1496 2642 ex
1520 2591 1676 2642 codd.
1712 2592 2011 2642 Harduinus
2042 2601 2097 2641 et
2134 2599 2359 2642 reeentt.
2410 2607 2497 2641 nec
2530 2592 2680 2640 inter-

466 2652 758 2715 gerinorum
778 2655 1012 2704 Gronov.
1033 2663 1087 2705 et
1111 2657 1284 2719 vulgg.

545 2717 682 2766 cn».
716 2731 767 2767 1..
847 2724 873 2768 1
926 2719 1056 2769 Cod.
1094 2719 1280 2773 Dalec.
1334 2725 1491 2771 autem
1520 2721 1775 2783 generibus
1810 2723 2064 2771 secundans
2102 2720 2333 2783 regiones,
2364 2722 2439 2770 vel
2474 2717 2682 2769 musitae

473 2786 650 2830 nutura
664 2782 791 2848 mira
813 2789 885 2843 est
905 2783 1255 2846 salmaria—2
1293 2786 1430 2842 Quod
1461 2791 1534 2836 est
1562 2787 1789 2836 cuniculis
1812 2787 2043 2836 Gronov.
2078 2794 2134 2836 et
2162 2788 2229 2836 ai.
2253 2793 2377 2835 ante
2417 2784 2680 2835 Harduin.

1470 2951 1684 3003 NOTAE

465 3060 473 3067 ’
542 3055 566 3088 ¹1
603 3046 847 3109 Murena]
868 3047 1094 3097 Licinius
1118 3048 1538 3113 Murena‚quem

479 3117 665 3173 Cicero
685 3124 918 3173 oratione
952 3123 1208 3188 defendit,
1233 3141 1346 3189 quae
1369 3134 1537 3176 extat.

543 3206 564 3232 Υ
597 3200 765 3248 Romoe
786 3199 1048 3265 nonfiunt]
1103 3203 1173 3251 Et
1204 3203 1303 3252 hoc
1339 3204 1541 3266 pariter

477 3274 523 3325 a'
553 3275 793 3325 Vitruvio
825 3291 898 3326 -ιι,
941 3281 1020 3326 31.
1058 3291 1178 3341 pag.
1217 3282 1300 3327 31.
1339 3278 1540 3343 ‘Leges

476 3351 704 3417 publicae
736 3367 852 3402 non·
868 3355 1138 3416 patiuntur
1159 3356 1379 3419 majores
1402 3361 1541 3407 oras·

478 3427 750 3488 situdines‚
794 3442 946 3490 quam
987 3428 1380 3493 sesquipedales
1417 3445 1540 3481 con·

469 3502 648 3558 stitui,
691 3504 807 3553 loco
849 3504 1106 3554 communi
1148 3507 1538 3558 ....·Lateritii

477 3594 602 3630 vero
638 3581 865 3644 parietes
898 3580 1250 3646 sesquipedali
1291 3584 1537 3634 crassitu-

477 3657 597 3707 dine
616 3671 717 3707 non
735 3665 952 3720 possunt
969 3657 1241 3722 piusquam
1261 3674 1411 3708 unam
1430 3675 1538 3710 sus-

463 3734 646 3784 ‘tinere
669 3734 1149 3797 contignationem?
1190 3735 1370 3785 Romae
1395 3751 1537 3800 vero,

479 3809 610 3858 etin
633 3809 790 3859 Urbis
814 3810 1105 3873 majestate,
1137 3817 1297 3875 atque
1327 3812 1378 3860 iu
1413 3813 1539 3862 eivi-

479 3901 564 3934 um
599 3884 799 3935 infinita
833 3884 1146 3950 frequentia,
1179 3894 1240 3936 ut
1269 3890 1539 3940 coeuacula

479 3962 631 4026 plura
662 3960 865 4020 fierent,
901 3963 965 4011 ad
1003 3963 1159 4026 pedes
1191 3977 1333 4014 Lxxf
1353 3966 1537 4017 toliere

461 4036 702 4086 -aediiicia
717 4036 946 4100 Augusti
966 4038 1182 4089 decreto
1201 4042 1538 4105 permitteba·
1602 4057 1614 4069 ·

461 4120 587 4175 ntur,
608 4120 745 4162 teste
765 4111 935 4162 Strab.
960 4114 1048 4164 lib.
1074 4128 1126 4163 v.
1152 4130 1206 4180 p.
1228 4121 1344 4168 235.

546 4196 565 4221 ⁸
597 4187 1030 4252 [intergerivorum]
1066 4189 1151 4238 Ita
1173 4191 1303 4256 Reg.
1324 4197 1375 4242 2.
1397 4198 1538 4242 cete-

481 4264 648 4329 rique,
685 4277 786 4315 non
825 4264 1237 4324 intergerinorum.
1301 4267 1373 4318 Et
1411 4268 1538 4318 Fes-

1621 3032 1736 3099 tus:
1772 3047 1790 3077 ⁴
1817 3048 2127 3112 intergerivi
2163 3047 2391 3111 parietes
2413 3045 2682 3102 dicuntur.

1620 3127 1707 3190 qui
1733 3127 1869 3176 iuter
1890 3127 2119 3176 confines
2143 3132 2433 3181 struuntur,
2458 3130 2517 3172 et
2536 3125 2683 3189 quasi

1605 3202 2049 3269 ·intergeruntur.’
2092 3203 2370 3253 Nostrates
2387 3198 2686 3265 appellant,

1591 3278 1740 3329 fimav-
1758 3280 1983 3344 mitoyen.

1637 3380 1640 3385 ·
1681 3362 1707 3390 δ
1740 3355 1976 3405 Nascitur
2005 3353 2061 3403 in
2096 3350 2568 3414 imiieJJsidoi-us
2609 3352 2683 3402 Ο-

1603 3432 1719 3496 ‘rig.
1744 3444 1867 3482 xvi.
1893 3437 1937 3481 1.
2421 3449 2437 3464 0

1683 3507 1707 3542 b
1743 3509 1876 3563 Quas
1896 3508 2064 3557 ardere
2077 3503 2310 3568 dia-imm]
2344 3503 2463 3554 Lib.
2490 3517 2580 3554 ιιι.
2602 3507 2682 3553 14.

1605 3594 1618 3605 ‘
1683 3590 1707 3617 ⁰
1744 3583 1801 3633 ln
1827 3582 1978 3646 Melo]
2011 3581 2188 3631 Diosc.
2208 3595 2263 3630 v.
2287 3584 2401 3630 124.

1684 3658 1709 3693 *¹
1742 3658 2016 3727 Leueogoei]
2083 3657 2165 3706 De
2207 3656 2341 3707 colle
2390 3656 2683 3720 Leucogaeo

1620 3734 1847 3784 diximus
1872 3747 2040 3783 xvru.
2061 3735 2146 3789 29.

1663 3819 1707 3846 ·⁰
1739 3810 1820 3859 Ibi
1860 3825 1887 3860 e
1927 3807 2181 3871 cuniculis]
2215 3807 2279 3858 Iu
2317 3808 2465 3858 libris
2509 3808 2683 3872 editis,

1605 3887 1763 3941 Quod
1796 3891 1872 3934 est
1903 3885 2146 3936 cuniculis.
2211 3884 2274 3933 Iu
2308 3883 2444 3948 Reg.
2476 3889 2526 3935 2.
2552 3885 2684 3935 aliis·

1622 3977 1743 4027 que,
1768 3961 2096 4029 Leucogelibie
2109 3959 2356 4010 cuniculis.

1687 4035 1706 4071 f
1736 4037 1925 4087 Genera
1944 4035 2167 4100 quatuor]
2218 4035 2448 4085 Isidorus
2468 4037 2570 4087 loc.
2592 4037 2681 4089 cit*-

1684 4121 1711 4158 ε
1741 4112 1962 4179 Apyron]
1985 4112 2211 4176 Ἄπυρον,
2244 4114 2368 4176 quod
2394 4113 2559 4174 ignem
2596 4114 2680 4162 mi-

1619 4191 1745 4241 nime
1799 4195 2048 4254 expersum
2091 4194 2180 4238 est.
2245 4188 2429 4238 Celsus
2487 4202 2543 4237 v.
2602 4193 2678 4237 18.

1619 4270 1635 4297 ⁴
1660 4268 1922 4331 Malagma
1961 4265 2029 4316 ad
2073 4272 2295 4315 strumas
2327 4298 2343 4314 .
2364 4293 2381 4312 .
2405 4298 2420 4314 .
2445 4297 2461 4313 .
2507 4263 2677 4314 Suifn-
