<?xml version="1.0" encoding="UTF-8"?>
<!DOCTYPE html PUBLIC "-//W3C//DTD XHTML 1.0 Transitional//EN"
    "http://www.w3.org/TR/xhtml1/DTD/xhtml1-transitional.dtd">
<html xmlns="http://www.w3.org/1999/xhtml" xml:lang="en" lang="en">
 <head>
  <title>
</title>
<meta http-equiv="Content-Type" content="text/html;charset=utf-8" />
  <meta name='ocr-system' content='tesseract 3.04.00' />
  <meta name='ocr-capabilities' content='ocr_page ocr_carea ocr_par ocr_line ocrx_word'/>
</head>
<body>
  <div class='ocr_page' id='page_1' title='image "./cpliniisecundin01valpgoog_0632.png"; bbox 0 0 3000 4917; ppageno 0'>
   <div class='ocr_carea' id='block_1_1' title="bbox 477 359 1706 453">
    <p class='ocr_par' dir='ltr' id='par_1_1' title="bbox 477 359 1706 453">
     <span class='ocr_line' id='line_1_1' title="bbox 477 359 1706 453; baseline -0.002 -3"><span class='ocrx_word' id='word_1_1' title='bbox 477 385 654 453; x_wconf 82' lang='grc'><strong>4926</strong></span> <span class='ocrx_word' id='word_1_2' title='bbox 833 359 844 366; x_wconf 56' lang='grc'><strong>’</strong></span> <span class='ocrx_word' id='word_1_3' title='bbox 1458 398 1706 449; x_wconf 74' lang='lat' dir='ltr'>mnax</span> 
     </span>
    </p>
   </div>
   <div class='ocr_carea' id='block_1_2' title="bbox 429 531 2716 2946">
    <p class='ocr_par' dir='ltr' id='par_1_2' title="bbox 485 531 2708 1256">
     <span class='ocr_line' id='line_1_2' title="bbox 491 531 2700 610; baseline -0.002 -13"><span class='ocrx_word' id='word_1_4' title='bbox 491 593 498 597; x_wconf 88' lang='lat'>.</span> <span class='ocrx_word' id='word_1_5' title='bbox 551 545 904 610; x_wconf 71' lang='lat' dir='ltr'>Eratostloeaes,</span> <span class='ocrx_word' id='word_1_6' title='bbox 927 544 1097 609; x_wconf 85' lang='lat' dir='ltr'>patria</span> <span class='ocrx_word' id='word_1_7' title='bbox 1118 531 1419 608; x_wconf 80' lang='lat' dir='ltr'>Cyreuaeus,</span> <span class='ocrx_word' id='word_1_8' title='bbox 1443 559 1473 592; x_wconf 86' lang='lat' dir='ltr'>a</span> <span class='ocrx_word' id='word_1_9' title='bbox 1496 543 1787 592; x_wconf 60' lang='lat' dir='ltr'>Ptolemae</span> <span class='ocrx_word' id='word_1_10' title='bbox 1805 542 2069 606; x_wconf 74' lang='lat' dir='ltr'>Evergete</span> <span class='ocrx_word' id='word_1_11' title='bbox 2087 554 2131 591; x_wconf 80' lang='grc' dir='ltr'>ι.</span> <span class='ocrx_word' id='word_1_12' title='bbox 2153 542 2456 600; x_wconf 75' lang='lat' dir='ltr'>accersitus,</span> <span class='ocrx_word' id='word_1_13' title='bbox 2478 540 2700 593; x_wconf 78' lang='lat' dir='ltr'>Athenis</span> 
     </span>
     <span class='ocr_line' id='line_1_3' title="bbox 486 620 2702 691; baseline -0.001 -17"><span class='ocrx_word' id='word_1_14' title='bbox 486 628 542 676; x_wconf 89' lang='lat' dir='ltr'>iu</span> <span class='ocrx_word' id='word_1_15' title='bbox 568 628 846 691; x_wconf 81' lang='lat' dir='ltr'>AEgyptum</span> <span class='ocrx_word' id='word_1_16' title='bbox 884 627 1042 682; x_wconf 78' lang='lat' dir='ltr'>veuit,</span> <span class='ocrx_word' id='word_1_17' title='bbox 1065 625 1154 688; x_wconf 84' lang='lat' dir='ltr'>uhi</span> <span class='ocrx_word' id='word_1_18' title='bbox 1179 624 1547 674; x_wconf 63' lang='lat' dir='ltr'>Alexandrinas</span> <span class='ocrx_word' id='word_1_19' title='bbox 1568 623 1916 674; x_wconf 78' lang='lat' dir='ltr'>Bibliothecae</span> <span class='ocrx_word' id='word_1_20' title='bbox 1938 620 2225 687; x_wconf 75' lang='lat' dir='ltr'>praefectus</span> <span class='ocrx_word' id='word_1_21' title='bbox 2258 621 2379 681; x_wconf 84' lang='lat' dir='ltr'>fuit,</span> <span class='ocrx_word' id='word_1_22' title='bbox 2418 624 2702 673; x_wconf 81' lang='lat' dir='ltr'>bibliothe-</span> 
     </span>
     <span class='ocr_line' id='line_1_4' title="bbox 487 702 2702 770; baseline -0.001 -15"><span class='ocrx_word' id='word_1_23' title='bbox 487 721 599 755; x_wconf 88' lang='lat' dir='ltr'>cam</span> <span class='ocrx_word' id='word_1_24' title='bbox 622 708 735 770; x_wconf 87' lang='lat' dir='ltr'>ipse</span> <span class='ocrx_word' id='word_1_25' title='bbox 768 705 1012 756; x_wconf 86' lang='lat' dir='ltr'>librorum</span> <span class='ocrx_word' id='word_1_26' title='bbox 1050 720 1200 769; x_wconf 78' lang='lat' dir='ltr'>paene</span> <span class='ocrx_word' id='word_1_27' title='bbox 1222 705 1464 769; x_wconf 81' lang='lat' dir='ltr'>scripsit:</span> <span class='ocrx_word' id='word_1_28' title='bbox 1493 719 1714 769; x_wconf 81' lang='lat' dir='ltr'>quorum</span> <span class='ocrx_word' id='word_1_29' title='bbox 1752 704 1802 753; x_wconf 74' lang='lat' dir='ltr'>hi</span> <span class='ocrx_word' id='word_1_30' title='bbox 1843 702 2126 765; x_wconf 82' lang='lat' dir='ltr'>praecipui:</span> <span class='ocrx_word' id='word_1_31' title='bbox 2165 702 2523 768; x_wconf 78' lang='lat' dir='ltr'>Geographia,</span> <span class='ocrx_word' id='word_1_32' title='bbox 2554 706 2702 768; x_wconf 82' lang='lat' dir='ltr'>cnjus</span> 
     </span>
     <span class='ocr_line' id='line_1_5' title="bbox 485 783 2702 848; baseline -0.001 -13"><span class='ocrx_word' id='word_1_33' title='bbox 485 787 672 836; x_wconf 88' lang='lat' dir='ltr'>librum</span> <span class='ocrx_word' id='word_1_34' title='bbox 701 786 911 836; x_wconf 88' lang='lat' dir='ltr'>tertium</span> <span class='ocrx_word' id='word_1_35' title='bbox 936 786 1114 836; x_wconf 87' lang='lat' dir='ltr'>laudat</span> <span class='ocrx_word' id='word_1_36' title='bbox 1136 785 1404 848; x_wconf 84' lang='lat' dir='ltr'>Apollonii</span> <span class='ocrx_word' id='word_1_37' title='bbox 1428 784 1607 834; x_wconf 86' lang='lat' dir='ltr'>Schol.</span> <span class='ocrx_word' id='word_1_38' title='bbox 1628 783 1696 833; x_wconf 85' lang='lat' dir='ltr'>ad</span> <span class='ocrx_word' id='word_1_39' title='bbox 1719 798 1799 833; x_wconf 74' lang='lat' dir='ltr'>iv.</span> <span class='ocrx_word' id='word_1_40' title='bbox 1819 786 1936 833; x_wconf 80' lang='grc'><strong>259.</strong></span> <span class='ocrx_word' id='word_1_41' title='bbox 1987 784 2066 832; x_wconf 85' lang='lat' dir='ltr'>Eo</span> <span class='ocrx_word' id='word_1_42' title='bbox 2089 783 2143 831; x_wconf 87' lang='lat' dir='ltr'>in</span> <span class='ocrx_word' id='word_1_43' title='bbox 2167 797 2330 846; x_wconf 82' lang='lat' dir='ltr'>opere</span> <span class='ocrx_word' id='word_1_44' title='bbox 2348 784 2702 833; x_wconf 82' lang='lat' dir='ltr'>Timosthenis</span> 
     </span>
     <span class='ocr_line' id='line_1_6' title="bbox 489 863 2708 931; baseline -0.001 -14"><span class='ocrx_word' id='word_1_45' title='bbox 489 869 556 917; x_wconf 90' lang='lat' dir='ltr'>de</span> <span class='ocrx_word' id='word_1_46' title='bbox 579 868 830 931; x_wconf 84' lang='lat' dir='ltr'>portubus</span> <span class='ocrx_word' id='word_1_47' title='bbox 853 867 1038 918; x_wconf 86' lang='lat' dir='ltr'>librum</span> <span class='ocrx_word' id='word_1_48' title='bbox 1062 867 1362 930; x_wconf 69' lang='lat' dir='ltr'><strong>exscripsit,</strong></span> <span class='ocrx_word' id='word_1_49' title='bbox 1394 874 1452 916; x_wconf 90' lang='lat' dir='ltr'>ut</span> <span class='ocrx_word' id='word_1_50' title='bbox 1472 874 1658 916; x_wconf 78' lang='lat' dir='ltr'>auctor</span> <span class='ocrx_word' id='word_1_51' title='bbox 1681 872 1765 915; x_wconf 84' lang='lat' dir='ltr'>est</span> <span class='ocrx_word' id='word_1_52' title='bbox 1792 863 2091 914; x_wconf 77' lang='lat' dir='ltr'>Marcianus</span> <span class='ocrx_word' id='word_1_53' title='bbox 2123 864 2174 912; x_wconf 91' lang='lat' dir='ltr'>in</span> <span class='ocrx_word' id='word_1_54' title='bbox 2199 864 2436 928; x_wconf 76' lang='lat' dir='ltr'>Pes-ipio,</span> <span class='ocrx_word' id='word_1_55' title='bbox 2476 877 2600 928; x_wconf 72' lang='lat' dir='ltr'>pag.</span> <span class='ocrx_word' id='word_1_56' title='bbox 2621 869 2708 914; x_wconf 84' lang='grc'>97.</span> 
     </span>
     <span class='ocr_line' id='line_1_7' title="bbox 489 945 2706 1013; baseline -0.001 -16"><span class='ocrx_word' id='word_1_57' title='bbox 489 946 675 1013; x_wconf 78' lang='grc' dir='ltr'>Μέτρον</span> <span class='ocrx_word' id='word_1_58' title='bbox 688 949 777 1006; x_wconf 76' lang='grc' dir='ltr'>τῆς</span> <span class='ocrx_word' id='word_1_59' title='bbox 795 950 889 1010; x_wconf 72' lang='grc' dir='ltr'>γῆς</span> <span class='ocrx_word' id='word_1_60' title='bbox 907 947 1216 1013; x_wconf 66' lang='grc' dir='ltr'>περιφερείας,</span> <span class='ocrx_word' id='word_1_61' title='bbox 1238 947 1376 1012; x_wconf 85' lang='lat' dir='ltr'>quod</span> <span class='ocrx_word' id='word_1_62' title='bbox 1387 948 1642 1012; x_wconf 79' lang='lat' dir='ltr'>hodieque</span> <span class='ocrx_word' id='word_1_63' title='bbox 1657 954 1823 1007; x_wconf 75' lang='lat' dir='ltr'>extat,</span> <span class='ocrx_word' id='word_1_64' title='bbox 1844 953 1898 995; x_wconf 89' lang='lat' dir='ltr'>et</span> <span class='ocrx_word' id='word_1_65' title='bbox 1919 959 1987 995; x_wconf 74' lang='lat' dir='ltr'>ex</span> <span class='ocrx_word' id='word_1_66' title='bbox 2009 959 2111 1009; x_wconf 83' lang='lat' dir='ltr'>quo</span> <span class='ocrx_word' id='word_1_67' title='bbox 2133 945 2547 996; x_wconf 79' lang='lat' dir='ltr'>Eratosthenem</span> <span class='ocrx_word' id='word_1_68' title='bbox 2560 946 2706 994; x_wconf 86' lang='lat' dir='ltr'>orbis</span> 
     </span>
     <span class='ocr_line' id='line_1_8' title="bbox 489 1024 2703 1088; baseline -0.002 -8"><span class='ocrx_word' id='word_1_69' title='bbox 489 1031 742 1080; x_wconf 77' lang='lat' dir='ltr'>terrarum</span> <span class='ocrx_word' id='word_1_70' title='bbox 768 1044 1052 1079; x_wconf 78' lang='lat' dir='ltr'>mensorem</span> <span class='ocrx_word' id='word_1_71' title='bbox 1079 1028 1390 1078; x_wconf 69' lang='lat' dir='ltr'>Censorinus</span> <span class='ocrx_word' id='word_1_72' title='bbox 1412 1035 1585 1088; x_wconf 80' lang='lat' dir='ltr'>vocat,</span> <span class='ocrx_word' id='word_1_73' title='bbox 1607 1043 1656 1076; x_wconf 91' lang='lat' dir='ltr'>c.</span> <span class='ocrx_word' id='word_1_74' title='bbox 1681 1032 1760 1079; x_wconf 83' lang='grc'>15.</span> <span class='ocrx_word' id='word_1_75' title='bbox 1813 1024 2074 1088; x_wconf 76' lang='grc' dir='ltr'><strong>Γαλατικὰ,</strong></span> <span class='ocrx_word' id='word_1_76' title='bbox 2097 1026 2208 1074; x_wconf 84' lang='lat' dir='ltr'>sive</span> <span class='ocrx_word' id='word_1_77' title='bbox 2230 1025 2297 1075; x_wconf 86' lang='lat' dir='ltr'>de</span> <span class='ocrx_word' id='word_1_78' title='bbox 2317 1026 2499 1075; x_wconf 83' lang='lat' dir='ltr'>Rebus</span> <span class='ocrx_word' id='word_1_79' title='bbox 2520 1026 2703 1076; x_wconf 73' lang='lat' dir='ltr'>Gallo-</span> 
     </span>
     <span class='ocr_line' id='line_1_9' title="bbox 491 1106 2705 1175; baseline -0.002 -16"><span class='ocrx_word' id='word_1_80' title='bbox 491 1112 717 1175; x_wconf 78' lang='lat' dir='ltr'>graeciae,</span> <span class='ocrx_word' id='word_1_81' title='bbox 748 1115 832 1159; x_wconf 79' lang='grc'>40.</span> <span class='ocrx_word' id='word_1_82' title='bbox 866 1110 1226 1171; x_wconf 78' lang='lat' dir='ltr'>voluminibus,</span> <span class='ocrx_word' id='word_1_83' title='bbox 1260 1125 1377 1174; x_wconf 72' lang='lat' dir='ltr'>quae</span> <span class='ocrx_word' id='word_1_84' title='bbox 1403 1109 1634 1159; x_wconf 81' lang='lat' dir='ltr'>citantur</span> <span class='ocrx_word' id='word_1_85' title='bbox 1667 1108 1858 1172; x_wconf 81' lang='lat' dir='ltr'>saepius</span> <span class='ocrx_word' id='word_1_86' title='bbox 1896 1121 1929 1156; x_wconf 88' lang='lat' dir='ltr'>a</span> <span class='ocrx_word' id='word_1_87' title='bbox 1966 1106 2252 1169; x_wconf 63' lang='lat' dir='ltr'>Stephano.</span> <span class='ocrx_word' id='word_1_88' title='bbox 2315 1106 2705 1170; x_wconf 71' lang='grc' dir='ltr'><strong><em>Χρονογρωφυεὰ,</em></strong></span> 
     </span>
     <span class='ocr_line' id='line_1_10' title="bbox 492 1186 2705 1256; baseline -0.003 -15"><span class='ocrx_word' id='word_1_89' title='bbox 492 1206 712 1256; x_wconf 85' lang='lat' dir='ltr'>quorum</span> <span class='ocrx_word' id='word_1_90' title='bbox 736 1192 1014 1241; x_wconf 80' lang='lat' dir='ltr'>meminere</span> <span class='ocrx_word' id='word_1_91' title='bbox 1038 1191 1262 1254; x_wconf 73' lang='lat' dir='ltr'>Dionys.</span> <span class='ocrx_word' id='word_1_92' title='bbox 1289 1189 1459 1239; x_wconf 83' lang='lat' dir='ltr'>Halic.</span> <span class='ocrx_word' id='word_1_93' title='bbox 1479 1189 1571 1239; x_wconf 86' lang='lat' dir='ltr'>lib.</span> <span class='ocrx_word' id='word_1_94' title='bbox 1606 1204 1644 1239; x_wconf 84' lang='grc' dir='ltr'>ι.</span> <span class='ocrx_word' id='word_1_95' title='bbox 1669 1204 1722 1252; x_wconf 85' lang='lat' dir='ltr'>p.</span> <span class='ocrx_word' id='word_1_96' title='bbox 1744 1193 1827 1239; x_wconf 81' lang='grc'>60.</span> <span class='ocrx_word' id='word_1_97' title='bbox 1861 1193 1920 1238; x_wconf 89' lang='lat' dir='ltr'>et</span> <span class='ocrx_word' id='word_1_98' title='bbox 1942 1186 2330 1249; x_wconf 71' lang='lat' dir='ltr'>Harpocration</span> <span class='ocrx_word' id='word_1_99' title='bbox 2354 1188 2405 1236; x_wconf 91' lang='lat' dir='ltr'>iu</span> <span class='ocrx_word' id='word_1_100' title='bbox 2427 1188 2629 1245; x_wconf 73' lang='grc' dir='ltr'><strong>Εὔηνος.</strong></span> <span class='ocrx_word' id='word_1_101' title='bbox 2652 1204 2705 1252; x_wconf 84' lang='lat' dir='ltr'>p.</span> 
     </span>
    </p>

    <p class='ocr_par' dir='ltr' id='par_1_3' title="bbox 496 1268 2706 1332">
     <span class='ocr_line' id='line_1_11' title="bbox 496 1268 2706 1332; baseline -0.003 -10"><span class='ocrx_word' id='word_1_102' title='bbox 496 1276 611 1322; x_wconf 75' lang='grc'><strong>130.</strong></span> <span class='ocrx_word' id='word_1_103' title='bbox 676 1272 757 1322; x_wconf 82' lang='lat' dir='ltr'>De</span> <span class='ocrx_word' id='word_1_104' title='bbox 776 1272 982 1332; x_wconf 81' lang='lat' dir='ltr'>Ventis,</span> <span class='ocrx_word' id='word_1_105' title='bbox 1005 1285 1071 1320; x_wconf 85' lang='lat' dir='ltr'>ex</span> <span class='ocrx_word' id='word_1_106' title='bbox 1097 1271 1298 1321; x_wconf 79' lang='lat' dir='ltr'>Achille</span> <span class='ocrx_word' id='word_1_107' title='bbox 1317 1270 1475 1321; x_wconf 76' lang='lat' dir='ltr'>Tatio</span> <span class='ocrx_word' id='word_1_108' title='bbox 1498 1269 1842 1318; x_wconf 74' lang='lat' dir='ltr'>in-Phaenom.</span> <span class='ocrx_word' id='word_1_109' title='bbox 1868 1283 1918 1331; x_wconf 90' lang='lat' dir='ltr'>p.</span> <span class='ocrx_word' id='word_1_110' title='bbox 1941 1270 2054 1316; x_wconf 80' lang='lat'>168.</span> <span class='ocrx_word' id='word_1_111' title='bbox 2124 1268 2211 1317; x_wconf 88' lang='lat' dir='ltr'>De</span> <span class='ocrx_word' id='word_1_112' title='bbox 2247 1268 2364 1317; x_wconf 82' lang='lat' dir='ltr'>Situ</span> <span class='ocrx_word' id='word_1_113' title='bbox 2401 1268 2706 1323; x_wconf 70' lang='lat' dir='ltr'>Stellarum,</span> 
     </span>
    </p>

    <p class='ocr_par' dir='ltr' id='par_1_4' title="bbox 493 1346 2706 1416">
     <span class='ocr_line' id='line_1_12' title="bbox 493 1346 2706 1416; baseline -0.002 -15"><span class='ocrx_word' id='word_1_114' title='bbox 493 1367 560 1404; x_wconf 81' lang='lat' dir='ltr'>ex</span> <span class='ocrx_word' id='word_1_115' title='bbox 599 1351 783 1413; x_wconf 86' lang='lat' dir='ltr'>Suida,</span> <span class='ocrx_word' id='word_1_116' title='bbox 824 1368 873 1416; x_wconf 88' lang='lat' dir='ltr'>p.</span> <span class='ocrx_word' id='word_1_117' title='bbox 905 1356 1050 1402; x_wconf 72' lang='lat'>1032.</span> <span class='ocrx_word' id='word_1_118' title='bbox 1084 1353 1173 1415; x_wconf 89' lang='lat' dir='ltr'>qui</span> <span class='ocrx_word' id='word_1_119' title='bbox 1213 1351 1345 1401; x_wconf 85' lang='lat' dir='ltr'>liber</span> <span class='ocrx_word' id='word_1_120' title='bbox 1382 1364 1519 1400; x_wconf 85' lang='lat' dir='ltr'>nunc</span> <span class='ocrx_word' id='word_1_121' title='bbox 1558 1350 1727 1399; x_wconf 88' lang='lat' dir='ltr'>editus</span> <span class='ocrx_word' id='word_1_122' title='bbox 1759 1346 2141 1412; x_wconf 70' lang='grc' dir='ltr'>Καταστφισμοὶ</span> <span class='ocrx_word' id='word_1_123' title='bbox 2169 1348 2496 1397; x_wconf 84' lang='lat' dir='ltr'>inscribitur.</span> <span class='ocrx_word' id='word_1_124' title='bbox 2582 1347 2706 1397; x_wconf 77' lang='lat' dir='ltr'>Alia</span> 
     </span>
    </p>

    <p class='ocr_par' dir='ltr' id='par_1_5' title="bbox 429 1429 2711 1982">
     <span class='ocr_line' id='line_1_13' title="bbox 429 1429 2707 1497; baseline -0.001 -17"><span class='ocrx_word' id='word_1_125' title='bbox 429 1475 433 1480; x_wconf 86' lang='grc'><em>,</em></span> <span class='ocrx_word' id='word_1_126' title='bbox 491 1432 721 1497; x_wconf 77' lang='lat' dir='ltr'>denique</span> <span class='ocrx_word' id='word_1_127' title='bbox 746 1432 964 1495; x_wconf 88' lang='lat' dir='ltr'>plurima</span> <span class='ocrx_word' id='word_1_128' title='bbox 988 1446 1207 1496; x_wconf 85' lang='lat' dir='ltr'>quorum</span> <span class='ocrx_word' id='word_1_129' title='bbox 1245 1431 1403 1481; x_wconf 86' lang='lat' dir='ltr'>series</span> <span class='ocrx_word' id='word_1_130' title='bbox 1423 1429 1642 1495; x_wconf 67' lang='lat' dir='ltr'>prefixa</span> <span class='ocrx_word' id='word_1_131' title='bbox 1666 1438 1747 1479; x_wconf 88' lang='lat' dir='ltr'>est</span> <span class='ocrx_word' id='word_1_132' title='bbox 1784 1430 2003 1480; x_wconf 83' lang='lat' dir='ltr'>editioni</span> <span class='ocrx_word' id='word_1_133' title='bbox 2040 1429 2276 1493; x_wconf 83' lang='lat' dir='ltr'>ejusdem</span> <span class='ocrx_word' id='word_1_134' title='bbox 2306 1429 2707 1493; x_wconf 76' lang='lat' dir='ltr'>opusculorum,</span> 
     </span>
     <span class='ocr_line' id='line_1_14' title="bbox 496 1509 2709 1579; baseline -0.002 -15"><span class='ocrx_word' id='word_1_135' title='bbox 496 1514 690 1564; x_wconf 80' lang='lat' dir='ltr'>Oxonii</span> <span class='ocrx_word' id='word_1_136' title='bbox 709 1518 855 1564; x_wconf 80' lang='grc'><strong>1672.</strong></span> <span class='ocrx_word' id='word_1_137' title='bbox 917 1514 1191 1579; x_wconf 79' lang='lat' dir='ltr'>Appellari</span> <span class='ocrx_word' id='word_1_138' title='bbox 1222 1514 1430 1563; x_wconf 88' lang='lat' dir='ltr'>solitum</span> <span class='ocrx_word' id='word_1_139' title='bbox 1455 1513 1601 1563; x_wconf 85' lang='lat' dir='ltr'>aiunt</span> <span class='ocrx_word' id='word_1_140' title='bbox 1620 1513 1755 1569; x_wconf 72' lang='grc' dir='ltr'>Βῆτσ</span> <span class='ocrx_word' id='word_1_141' title='bbox 1777 1515 1877 1561; x_wconf 74' lang='grc' dir='ltr'>τῶν</span> <span class='ocrx_word' id='word_1_142' title='bbox 1905 1509 2321 1574; x_wconf 62' lang='lat' dir='ltr'>§memnon-ssu,</span> <span class='ocrx_word' id='word_1_143' title='bbox 2357 1513 2443 1561; x_wconf 77' lang='lat' dir='ltr'>vel</span> <span class='ocrx_word' id='word_1_144' title='bbox 2478 1519 2538 1561; x_wconf 91' lang='lat' dir='ltr'>ut</span> <span class='ocrx_word' id='word_1_145' title='bbox 2560 1512 2709 1560; x_wconf 79' lang='lat' dir='ltr'>Mar-</span> 
     </span>
     <span class='ocr_line' id='line_1_15' title="bbox 496 1590 2710 1658; baseline -0.001 -15"><span class='ocrx_word' id='word_1_146' title='bbox 496 1595 674 1644; x_wconf 69' lang='lat' dir='ltr'>cianus</span> <span class='ocrx_word' id='word_1_147' title='bbox 724 1595 938 1645; x_wconf 85' lang='lat' dir='ltr'>Heracl.</span> <span class='ocrx_word' id='word_1_148' title='bbox 973 1610 1028 1658; x_wconf 91' lang='lat' dir='ltr'>p.</span> <span class='ocrx_word' id='word_1_149' title='bbox 1070 1600 1150 1644; x_wconf 84' lang='grc'>95.</span> <span class='ocrx_word' id='word_1_150' title='bbox 1179 1595 1323 1652; x_wconf 76' lang='grc' dir='ltr'><strong>-Βῆτα</strong></span> <span class='ocrx_word' id='word_1_151' title='bbox 1356 1594 1445 1642; x_wconf 78' lang='grc' dir='ltr'>τοῦ</span> <span class='ocrx_word' id='word_1_152' title='bbox 1475 1591 1733 1653; x_wconf 79' lang='grc' dir='ltr'><strong>Μουσείου,</strong></span> <span class='ocrx_word' id='word_1_153' title='bbox 1778 1591 1915 1656; x_wconf 83' lang='lat' dir='ltr'>qnod</span> <span class='ocrx_word' id='word_1_154' title='bbox 1937 1590 2192 1641; x_wconf 82' lang='lat' dir='ltr'>secundas</span> <span class='ocrx_word' id='word_1_155' title='bbox 2224 1592 2284 1639; x_wconf 85' lang='lat' dir='ltr'>iu</span> <span class='ocrx_word' id='word_1_156' title='bbox 2318 1592 2508 1655; x_wconf 81' lang='lat' dir='ltr'>quavis</span> <span class='ocrx_word' id='word_1_157' title='bbox 2544 1591 2710 1654; x_wconf 82' lang='lat' dir='ltr'>philo·</span> 
     </span>
     <span class='ocr_line' id='line_1_16' title="bbox 496 1671 2709 1740; baseline -0.001 -17"><span class='ocrx_word' id='word_1_158' title='bbox 496 1676 690 1739; x_wconf 85' lang='lat' dir='ltr'>sophiae</span> <span class='ocrx_word' id='word_1_159' title='bbox 715 1682 892 1737; x_wconf 81' lang='lat' dir='ltr'>partes</span> <span class='ocrx_word' id='word_1_160' title='bbox 913 1675 1199 1738; x_wconf 86' lang='lat' dir='ltr'>obtineret,</span> <span class='ocrx_word' id='word_1_161' title='bbox 1224 1676 1309 1724; x_wconf 81' lang='lat' dir='ltr'>vix</span> <span class='ocrx_word' id='word_1_162' title='bbox 1328 1675 1381 1724; x_wconf 90' lang='lat' dir='ltr'>in</span> <span class='ocrx_word' id='word_1_163' title='bbox 1400 1675 1506 1722; x_wconf 86' lang='lat' dir='ltr'>nlla</span> <span class='ocrx_word' id='word_1_164' title='bbox 1532 1674 1823 1737; x_wconf 53' lang='lat' dir='ltr'>primam—⁴</span> <span class='ocrx_word' id='word_1_165' title='bbox 1847 1672 1904 1721; x_wconf 90' lang='lat' dir='ltr'>Is</span> <span class='ocrx_word' id='word_1_166' title='bbox 1928 1680 2103 1740; x_wconf 75' lang='lat' dir='ltr'>tamen</span> <span class='ocrx_word' id='word_1_167' title='bbox 2126 1688 2158 1722; x_wconf 76' lang='lat' dir='ltr'>a</span> <span class='ocrx_word' id='word_1_168' title='bbox 2180 1671 2357 1721; x_wconf 89' lang='lat' dir='ltr'>Plinio</span> <span class='ocrx_word' id='word_1_169' title='bbox 2379 1686 2445 1721; x_wconf 83' lang='lat'>11.</span> <span class='ocrx_word' id='word_1_170' title='bbox 2473 1676 2588 1722; x_wconf 85' lang='grc'><strong>112.</strong></span> <span class='ocrx_word' id='word_1_171' title='bbox 2624 1672 2709 1720; x_wconf 85' lang='lat' dir='ltr'>‘in</span> 
     </span>
     <span class='ocr_line' id='line_1_17' title="bbox 497 1752 2711 1820; baseline -0.001 -15"><span class='ocrx_word' id='word_1_172' title='bbox 497 1756 724 1806; x_wconf 84' lang='lat' dir='ltr'>omnium</span> <span class='ocrx_word' id='word_1_173' title='bbox 753 1756 960 1820; x_wconf 84' lang='lat' dir='ltr'>quidem</span> <span class='ocrx_word' id='word_1_174' title='bbox 1002 1757 1270 1807; x_wconf 84' lang='lat' dir='ltr'>literarum</span> <span class='ocrx_word' id='word_1_175' title='bbox 1313 1755 1645 1816; x_wconf 84' lang='lat' dir='ltr'>subtilitate,’</span> <span class='ocrx_word' id='word_1_176' title='bbox 1683 1762 1738 1804; x_wconf 90' lang='lat' dir='ltr'>et</span> <span class='ocrx_word' id='word_1_177' title='bbox 1780 1755 1832 1803; x_wconf 90' lang='lat' dir='ltr'>iu</span> <span class='ocrx_word' id='word_1_178' title='bbox 1869 1754 2092 1803; x_wconf 83' lang='lat' dir='ltr'>circuitu</span> <span class='ocrx_word' id='word_1_179' title='bbox 2139 1760 2297 1803; x_wconf 73' lang='lat' dir='ltr'>terrae</span> <span class='ocrx_word' id='word_1_180' title='bbox 2335 1752 2711 1815; x_wconf 80' lang='lat' dir='ltr'>describendo,</span> 
     </span>
     <span class='ocr_line' id='line_1_18' title="bbox 497 1829 2711 1899; baseline -0.001 -15"><span class='ocrx_word' id='word_1_181' title='bbox 497 1836 515 1864; x_wconf 88' lang='lat'>‘</span> <span class='ocrx_word' id='word_1_182' title='bbox 536 1830 715 1899; x_wconf 79' lang='lat' dir='ltr'>utique</span> <span class='ocrx_word' id='word_1_183' title='bbox 740 1844 935 1898; x_wconf 82' lang='lat' dir='ltr'>praeter</span> <span class='ocrx_word' id='word_1_184' title='bbox 967 1844 1172 1886; x_wconf 89' lang='lat' dir='ltr'>ceteros</span> <span class='ocrx_word' id='word_1_185' title='bbox 1195 1835 1388 1886; x_wconf 86' lang='lat' dir='ltr'>solers’</span> <span class='ocrx_word' id='word_1_186' title='bbox 1420 1835 1584 1885; x_wconf 84' lang='lat' dir='ltr'>fuisse</span> <span class='ocrx_word' id='word_1_187' title='bbox 1606 1834 1834 1895; x_wconf 79' lang='lat' dir='ltr'>dicitur3</span> <span class='ocrx_word' id='word_1_188' title='bbox 1867 1829 2159 1899; x_wconf 77' lang='lat' dir='ltr'>quanquam</span> <span class='ocrx_word' id='word_1_189' title='bbox 2181 1834 2234 1882; x_wconf 92' lang='lat' dir='ltr'>iu</span> <span class='ocrx_word' id='word_1_190' title='bbox 2271 1846 2337 1883; x_wconf 85' lang='lat' dir='ltr'>eo</span> <span class='ocrx_word' id='word_1_191' title='bbox 2369 1833 2711 1897; x_wconf 81' lang='lat' dir='ltr'>coarguendo</span> 
     </span>
     <span class='ocr_line' id='line_1_19' title="bbox 498 1914 2209 1982; baseline -0.001 -16"><span class='ocrx_word' id='word_1_192' title='bbox 498 1918 681 1966; x_wconf 84' lang='lat' dir='ltr'>mirum</span> <span class='ocrx_word' id='word_1_193' title='bbox 704 1916 864 1968; x_wconf 87' lang='lat' dir='ltr'>fuisse</span> <span class='ocrx_word' id='word_1_194' title='bbox 885 1917 1242 1982; x_wconf 81' lang='lat' dir='ltr'>Hipparchum</span> <span class='ocrx_word' id='word_1_195' title='bbox 1266 1918 1402 1967; x_wconf 85' lang='lat' dir='ltr'>idem</span> <span class='ocrx_word' id='word_1_196' title='bbox 1429 1918 1584 1980; x_wconf 89' lang='lat' dir='ltr'>paulo</span> <span class='ocrx_word' id='word_1_197' title='bbox 1607 1921 1725 1981; x_wconf 83' lang='lat' dir='ltr'>post</span> <span class='ocrx_word' id='word_1_198' title='bbox 1744 1914 1962 1980; x_wconf 86' lang='lat' dir='ltr'>adjicit.&#39;</span> <span class='ocrx_word' id='word_1_199' title='bbox 1996 1916 2094 1965; x_wconf 79' lang='lat' dir='ltr'>Ed.</span> <span class='ocrx_word' id='word_1_200' title='bbox 2114 1930 2209 1965; x_wconf 78' lang='lat' dir='ltr'>see.</span> 
     </span>
    </p>

    <p class='ocr_par' dir='ltr' id='par_1_6' title="bbox 499 1996 1979 2050">
     <span class='ocr_line' id='line_1_20' title="bbox 499 1996 1979 2050; baseline -0.003 0"><span class='ocrx_word' id='word_1_201' title='bbox 499 2045 503 2050; x_wconf 88' lang='lat'>.</span> <span class='ocrx_word' id='word_1_202' title='bbox 565 2000 580 2025; x_wconf 90' lang='lat'>‘</span> <span class='ocrx_word' id='word_1_203' title='bbox 596 1998 803 2048; x_wconf 61' lang='lat' dir='ltr'>Edam.</span> <span class='ocrx_word' id='word_1_204' title='bbox 837 2000 917 2048; x_wconf 89' lang='lat' dir='ltr'>De</span> <span class='ocrx_word' id='word_1_205' title='bbox 941 2012 1004 2047; x_wconf 85' lang='lat' dir='ltr'>ea</span> <span class='ocrx_word' id='word_1_206' title='bbox 1024 1997 1247 2047; x_wconf 76' lang='lat' dir='ltr'>diximus</span> <span class='ocrx_word' id='word_1_207' title='bbox 1266 2011 1468 2047; x_wconf 77' lang='lat' dir='ltr'>xxxiv·</span> <span class='ocrx_word' id='word_1_208' title='bbox 1492 2001 1570 2048; x_wconf 87' lang='grc'>19.</span> <span class='ocrx_word' id='word_1_209' title='bbox 1591 2012 1644 2046; x_wconf 82' lang='grc' dir='ltr'><strong>ιι.</strong></span> <span class='ocrx_word' id='word_1_210' title='bbox 1666 1996 1733 2047; x_wconf 73' lang='lat' dir='ltr'>s:</span> <span class='ocrx_word' id='word_1_211' title='bbox 1768 1997 1866 2046; x_wconf 75' lang='lat' dir='ltr'>Ed.</span> <span class='ocrx_word' id='word_1_212' title='bbox 1884 2010 1979 2046; x_wconf 78' lang='lat' dir='ltr'>sec.</span> 
     </span>
    </p>

    <p class='ocr_par' dir='ltr' id='par_1_7' title="bbox 502 2074 2713 2210">
     <span class='ocr_line' id='line_1_21' title="bbox 568 2074 2713 2143; baseline -0.001 -16"><span class='ocrx_word' id='word_1_213' title='bbox 568 2080 766 2141; x_wconf 75' lang='lat' dir='ltr'>Evagon</span> <span class='ocrx_word' id='word_1_214' title='bbox 790 2078 1009 2143; x_wconf 69' lang='lat' dir='ltr'>Thasius,</span> <span class='ocrx_word' id='word_1_215' title='bbox 1035 2080 1257 2129; x_wconf 86' lang='lat' dir='ltr'>Varroni</span> <span class='ocrx_word' id='word_1_216' title='bbox 1285 2086 1342 2129; x_wconf 86' lang='lat' dir='ltr'>et</span> <span class='ocrx_word' id='word_1_217' title='bbox 1366 2079 1664 2129; x_wconf 89' lang='lat' dir='ltr'>Columellae</span> <span class='ocrx_word' id='word_1_218' title='bbox 1700 2077 1944 2127; x_wconf 85' lang='lat' dir='ltr'>laudatus</span> <span class='ocrx_word' id='word_1_219' title='bbox 1967 2091 2005 2126; x_wconf 85' lang='lat'>1.</span> <span class='ocrx_word' id='word_1_220' title='bbox 2031 2079 2078 2125; x_wconf 95' lang='lat'>1.</span> <span class='ocrx_word' id='word_1_221' title='bbox 2111 2074 2252 2134; x_wconf 75' lang='lat' dir='ltr'>iuter</span> <span class='ocrx_word' id='word_1_222' title='bbox 2279 2074 2573 2140; x_wconf 81' lang='lat' dir='ltr'>scriptores</span> <span class='ocrx_word' id='word_1_223' title='bbox 2609 2075 2713 2125; x_wconf 89' lang='lat' dir='ltr'>Rei</span> 
     </span>
     <span class='ocr_line' id='line_1_22' title="bbox 502 2159 754 2210; baseline -0.012 0"><span class='ocrx_word' id='word_1_224' title='bbox 502 2159 754 2210; x_wconf 81' lang='lat' dir='ltr'>Rusticoe.</span> 
     </span>
    </p>

    <p class='ocr_par' dir='ltr' id='par_1_8' title="bbox 476 2236 2712 2533">
     <span class='ocr_line' id='line_1_23' title="bbox 476 2236 2711 2305; baseline -0.002 -16"><span class='ocrx_word' id='word_1_225' title='bbox 476 2243 482 2250; x_wconf 79' lang='grc'>’</span> <span class='ocrx_word' id='word_1_226' title='bbox 568 2241 833 2305; x_wconf 74' lang='lat' dir='ltr'>Euanthes,</span> <span class='ocrx_word' id='word_1_227' title='bbox 849 2240 1036 2290; x_wconf 82' lang='lat' dir='ltr'>Patria</span> <span class='ocrx_word' id='word_1_228' title='bbox 1059 2239 1315 2303; x_wconf 80' lang='lat' dir='ltr'>Milesius,</span> <span class='ocrx_word' id='word_1_229' title='bbox 1337 2248 1552 2289; x_wconf 85' lang='lat' dir='ltr'>auctore</span> <span class='ocrx_word' id='word_1_230' title='bbox 1589 2237 1800 2288; x_wconf 65' lang='lat' dir='ltr'>Laertio</span> <span class='ocrx_word' id='word_1_231' title='bbox 1833 2238 1886 2287; x_wconf 92' lang='lat' dir='ltr'>iu</span> <span class='ocrx_word' id='word_1_232' title='bbox 1919 2237 2160 2296; x_wconf 74' lang='lat' dir='ltr'>Thalete,</span> <span class='ocrx_word' id='word_1_233' title='bbox 2199 2251 2251 2299; x_wconf 89' lang='lat' dir='ltr'>p.</span> <span class='ocrx_word' id='word_1_234' title='bbox 2274 2240 2323 2286; x_wconf 91' lang='grc'>7.</span> <span class='ocrx_word' id='word_1_235' title='bbox 2360 2236 2711 2286; x_wconf 80' lang='lat' dir='ltr'>Hernicorum</span> 
     </span>
     <span class='ocr_line' id='line_1_24' title="bbox 504 2318 2712 2384; baseline -0 -16"><span class='ocrx_word' id='word_1_236' title='bbox 504 2335 739 2370; x_wconf 69' lang='lat' dir='ltr'>uersuum</span> <span class='ocrx_word' id='word_1_237' title='bbox 766 2320 921 2384; x_wconf 66' lang='lat' dir='ltr'>poeta</span> <span class='ocrx_word' id='word_1_238' title='bbox 951 2321 1121 2369; x_wconf 84' lang='lat' dir='ltr'>dietus</span> <span class='ocrx_word' id='word_1_239' title='bbox 1144 2319 1399 2370; x_wconf 83' lang='lat' dir='ltr'>Athenaeo</span> <span class='ocrx_word' id='word_1_240' title='bbox 1421 2320 1517 2370; x_wconf 84' lang='lat' dir='ltr'>lib.</span> <span class='ocrx_word' id='word_1_241' title='bbox 1536 2333 1637 2369; x_wconf 84' lang='lat' dir='ltr'>vn.</span> <span class='ocrx_word' id='word_1_242' title='bbox 1666 2334 1718 2382; x_wconf 89' lang='lat' dir='ltr'>p.</span> <span class='ocrx_word' id='word_1_243' title='bbox 1741 2323 1858 2369; x_wconf 83' lang='grc'><strong>296.</strong></span> <span class='ocrx_word' id='word_1_244' title='bbox 1893 2320 1908 2347; x_wconf 78' lang='lat'><em>⁶</em></span> <span class='ocrx_word' id='word_1_245' title='bbox 1930 2318 2068 2367; x_wconf 84' lang='lat' dir='ltr'>iuter</span> <span class='ocrx_word' id='word_1_246' title='bbox 2090 2325 2333 2376; x_wconf 75' lang='lat' dir='ltr'>auctores</span> <span class='ocrx_word' id='word_1_247' title='bbox 2354 2318 2587 2367; x_wconf 81' lang='lat' dir='ltr'>Graeciae</span> <span class='ocrx_word' id='word_1_248' title='bbox 2611 2332 2712 2367; x_wconf 82' lang='lat' dir='ltr'>uon</span> 
     </span>
     <span class='ocr_line' id='line_1_25' title="bbox 502 2399 2712 2467; baseline -0.001 -15"><span class='ocrx_word' id='word_1_249' title='bbox 502 2400 743 2464; x_wconf 69' lang='lat' dir='ltr'>spretus‚’</span> <span class='ocrx_word' id='word_1_250' title='bbox 767 2401 937 2467; x_wconf 87' lang='lat' dir='ltr'>inquit</span> <span class='ocrx_word' id='word_1_251' title='bbox 962 2402 1167 2451; x_wconf 85' lang='lat' dir='ltr'>Plinius</span> <span class='ocrx_word' id='word_1_252' title='bbox 1188 2414 1316 2452; x_wconf 83' lang='lat' dir='ltr'>vm.</span> <span class='ocrx_word' id='word_1_253' title='bbox 1339 2405 1423 2450; x_wconf 75' lang='grc'>34.</span> <span class='ocrx_word' id='word_1_254' title='bbox 1487 2399 1699 2461; x_wconf 74' lang='grc' dir='ltr'>Εὐάνθης</span> <span class='ocrx_word' id='word_1_255' title='bbox 1719 2400 1902 2464; x_wconf 74' lang='grc' dir='ltr'>ἱστορεῖ</span> <span class='ocrx_word' id='word_1_256' title='bbox 1920 2400 2090 2449; x_wconf 67' lang='grc' dir='ltr'><strong><em>ἐντοῖς</em></strong></span> <span class='ocrx_word' id='word_1_257' title='bbox 2101 2400 2327 2459; x_wconf 73' lang='grc' dir='ltr'><strong><em>μυθικοῖς,</em></strong></span> <span class='ocrx_word' id='word_1_258' title='bbox 2348 2400 2526 2464; x_wconf 82' lang='lat' dir='ltr'>iuquit</span> <span class='ocrx_word' id='word_1_259' title='bbox 2551 2400 2712 2464; x_wconf 86' lang='lat' dir='ltr'>Apol·</span> 
     </span>
     <span class='ocr_line' id='line_1_26' title="bbox 504 2482 1142 2533; baseline -0.002 -2"><span class='ocrx_word' id='word_1_260' title='bbox 504 2482 629 2531; x_wconf 91' lang='lat' dir='ltr'>lonii</span> <span class='ocrx_word' id='word_1_261' title='bbox 650 2482 822 2533; x_wconf 91' lang='lat' dir='ltr'>Schol.</span> <span class='ocrx_word' id='word_1_262' title='bbox 846 2483 909 2531; x_wconf 91' lang='lat' dir='ltr'>ad</span> <span class='ocrx_word' id='word_1_263' title='bbox 930 2497 971 2533; x_wconf 89' lang='lat'>1.</span> <span class='ocrx_word' id='word_1_264' title='bbox 994 2487 1142 2533; x_wconf 80' lang='lat'>1065.</span> 
     </span>
    </p>

    <p class='ocr_par' dir='ltr' id='par_1_9' title="bbox 503 2559 2716 2785">
     <span class='ocr_line' id='line_1_27' title="bbox 572 2559 2710 2626; baseline -0.002 -14"><span class='ocrx_word' id='word_1_265' title='bbox 572 2564 799 2613; x_wconf 74' lang='lat' dir='ltr'>Euclides</span> <span class='ocrx_word' id='word_1_266' title='bbox 836 2563 1237 2612; x_wconf 71' lang='lat' dir='ltr'>Mathematicus</span> <span class='ocrx_word' id='word_1_267' title='bbox 1280 2562 1517 2625; x_wconf 77' lang='lat' dir='ltr'>insignis,</span> <span class='ocrx_word' id='word_1_268' title='bbox 1571 2563 1746 2625; x_wconf 74' lang='lat' dir='ltr'>Perga</span> <span class='ocrx_word' id='word_1_269' title='bbox 1781 2561 2046 2621; x_wconf 80' lang='lat' dir='ltr'>oriundus,</span> <span class='ocrx_word' id='word_1_270' title='bbox 2098 2561 2427 2626; x_wconf 66' lang='lat' dir='ltr'>Pamphylia!</span> <span class='ocrx_word' id='word_1_271' title='bbox 2466 2559 2710 2623; x_wconf 75' lang='lat' dir='ltr'>civitate,</span> 
     </span>
     <span class='ocr_line' id='line_1_28' title="bbox 503 2640 2716 2707; baseline -0.002 -13"><span class='ocrx_word' id='word_1_272' title='bbox 503 2649 666 2694; x_wconf 60' lang='lat' dir='ltr'>atate</span> <span class='ocrx_word' id='word_1_273' title='bbox 687 2643 961 2693; x_wconf 81' lang='lat' dir='ltr'>Ptolemaei</span> <span class='ocrx_word' id='word_1_274' title='bbox 979 2643 1195 2706; x_wconf 76' lang='lat' dir='ltr'>Lagidae</span> <span class='ocrx_word' id='word_1_275' title='bbox 1212 2640 1410 2693; x_wconf 78' lang='lat' dir='ltr'>floruit.</span> <span class='ocrx_word' id='word_1_276' title='bbox 1475 2642 1700 2707; x_wconf 77' lang='lat' dir='ltr'>Scripsit</span> <span class='ocrx_word' id='word_1_277' title='bbox 1720 2643 2104 2692; x_wconf 78' lang='lat' dir='ltr'>Elementorum</span> <span class='ocrx_word' id='word_1_278' title='bbox 2124 2643 2284 2691; x_wconf 88' lang='lat' dir='ltr'>libros</span> <span class='ocrx_word' id='word_1_279' title='bbox 2309 2653 2440 2691; x_wconf 78' lang='lat' dir='ltr'>xui.</span> <span class='ocrx_word' id='word_1_280' title='bbox 2490 2641 2716 2690; x_wconf 75' lang='lat' dir='ltr'>Phaeno-</span> 
     </span>
     <span class='ocr_line' id='line_1_29' title="bbox 504 2721 2351 2785; baseline -0.001 -11"><span class='ocrx_word' id='word_1_281' title='bbox 504 2736 676 2784; x_wconf 84' lang='lat' dir='ltr'>meua,</span> <span class='ocrx_word' id='word_1_282' title='bbox 698 2721 900 2785; x_wconf 84' lang='lat' dir='ltr'>aliaque</span> <span class='ocrx_word' id='word_1_283' title='bbox 918 2722 1137 2785; x_wconf 83' lang='lat' dir='ltr'>plurima</span> <span class='ocrx_word' id='word_1_284' title='bbox 1160 2722 1223 2770; x_wconf 87' lang='lat' dir='ltr'>ad</span> <span class='ocrx_word' id='word_1_285' title='bbox 1246 2721 1602 2772; x_wconf 86' lang='lat' dir='ltr'>Geometriam</span> <span class='ocrx_word' id='word_1_286' title='bbox 1624 2722 1988 2785; x_wconf 82' lang='lat' dir='ltr'>Musicamque</span> <span class='ocrx_word' id='word_1_287' title='bbox 2014 2721 2351 2785; x_wconf 81' lang='lat' dir='ltr'>pertinentia.</span> 
     </span>
    </p>

    <p class='ocr_par' dir='ltr' id='par_1_10' title="bbox 505 2801 2716 2946">
     <span class='ocr_line' id='line_1_30' title="bbox 571 2801 2715 2867; baseline 0.001 -18"><span class='ocrx_word' id='word_1_288' title='bbox 571 2802 829 2851; x_wconf 78' lang='lat' dir='ltr'>Euctemon</span> <span class='ocrx_word' id='word_1_289' title='bbox 872 2802 1009 2850; x_wconf 88' lang='lat' dir='ltr'>iuter</span> <span class='ocrx_word' id='word_1_290' title='bbox 1055 2801 1395 2852; x_wconf 87' lang='lat' dir='ltr'>Astrouomos</span> <span class='ocrx_word' id='word_1_291' title='bbox 1439 2810 1646 2853; x_wconf 85' lang='lat' dir='ltr'>veteres</span> <span class='ocrx_word' id='word_1_292' title='bbox 1681 2818 1712 2853; x_wconf 92' lang='lat' dir='ltr'>a</span> <span class='ocrx_word' id='word_1_293' title='bbox 1746 2803 1970 2852; x_wconf 78' lang='lat' dir='ltr'>Gemino</span> <span class='ocrx_word' id='word_1_294' title='bbox 2007 2809 2063 2852; x_wconf 86' lang='lat' dir='ltr'>et</span> <span class='ocrx_word' id='word_1_295' title='bbox 2096 2802 2410 2863; x_wconf 61' lang='lat' dir='ltr'>Ptolemae,</span> <span class='ocrx_word' id='word_1_296' title='bbox 2443 2816 2579 2867; x_wconf 83' lang='lat' dir='ltr'>quos</span> <span class='ocrx_word' id='word_1_297' title='bbox 2613 2801 2715 2851; x_wconf 79' lang='lat' dir='ltr'>Pe-</span> 
     </span>
     <span class='ocr_line' id='line_1_31' title="bbox 505 2881 2716 2946; baseline -0 -15"><span class='ocrx_word' id='word_1_298' title='bbox 505 2881 677 2931; x_wconf 80' lang='lat' dir='ltr'>tavius</span> <span class='ocrx_word' id='word_1_299' title='bbox 708 2884 761 2930; x_wconf 90' lang='lat' dir='ltr'>in</span> <span class='ocrx_word' id='word_1_300' title='bbox 796 2882 1116 2945; x_wconf 84' lang='lat' dir='ltr'>Uranologio</span> <span class='ocrx_word' id='word_1_301' title='bbox 1156 2882 1345 2945; x_wconf 78' lang='lat' dir='ltr'>edidit,</span> <span class='ocrx_word' id='word_1_302' title='bbox 1376 2894 1700 2934; x_wconf 82' lang='lat' dir='ltr'>recensetur.</span> <span class='ocrx_word' id='word_1_303' title='bbox 1772 2884 1996 2933; x_wconf 84' lang='lat' dir='ltr'>Rursum</span> <span class='ocrx_word' id='word_1_304' title='bbox 2016 2898 2052 2931; x_wconf 84' lang='lat' dir='ltr'>a</span> <span class='ocrx_word' id='word_1_305' title='bbox 2073 2883 2367 2933; x_wconf 79' lang='lat' dir='ltr'>Ptolemaeo</span> <span class='ocrx_word' id='word_1_306' title='bbox 2389 2881 2603 2946; x_wconf 77' lang='lat' dir='ltr'>Almag.</span> <span class='ocrx_word' id='word_1_307' title='bbox 2626 2895 2716 2932; x_wconf 78' lang='grc' dir='ltr'><strong>ιιι.</strong></span> 
     </span>
    </p>
   </div>
   <div class='ocr_carea' id='block_1_3' title="bbox 504 2962 2716 3093">
    <p class='ocr_par' dir='ltr' id='par_1_11' title="bbox 504 2962 2716 3093">
     <span class='ocr_line' id='line_1_32' title="bbox 505 2962 2716 3028; baseline 0 -16"><span class='ocrx_word' id='word_1_308' title='bbox 505 2967 556 3013; x_wconf 83' lang='grc'>2.</span> <span class='ocrx_word' id='word_1_309' title='bbox 580 2978 632 3026; x_wconf 86' lang='lat' dir='ltr'>p.</span> <span class='ocrx_word' id='word_1_310' title='bbox 653 2967 735 3012; x_wconf 83' lang='grc'>59.</span> <span class='ocrx_word' id='word_1_311' title='bbox 756 2962 1096 3012; x_wconf 74' lang='lat' dir='ltr'>solstitiorum</span> <span class='ocrx_word' id='word_1_312' title='bbox 1119 2962 1433 3013; x_wconf 78' lang='lat' dir='ltr'>observator</span> <span class='ocrx_word' id='word_1_313' title='bbox 1465 2975 1586 3013; x_wconf 86' lang='lat' dir='ltr'>cum</span> <span class='ocrx_word' id='word_1_314' title='bbox 1623 2965 1860 3028; x_wconf 81' lang='lat' dir='ltr'>Metoue,</span> <span class='ocrx_word' id='word_1_315' title='bbox 1894 2971 2015 3014; x_wconf 85' lang='lat' dir='ltr'>aute</span> <span class='ocrx_word' id='word_1_316' title='bbox 2038 2962 2324 3013; x_wconf 80' lang='lat' dir='ltr'>Alexandri</span> <span class='ocrx_word' id='word_1_317' title='bbox 2348 2964 2427 3013; x_wconf 76' lang='lat' dir='ltr'>M.</span> <span class='ocrx_word' id='word_1_318' title='bbox 2453 2972 2716 3027; x_wconf 83' lang='lat' dir='ltr'>tempora,</span> 
     </span>
     <span class='ocr_line' id='line_1_33' title="bbox 504 3040 1568 3093; baseline -0.002 -1"><span class='ocrx_word' id='word_1_319' title='bbox 504 3042 743 3093; x_wconf 84' lang='lat' dir='ltr'>laudatur</span> <span class='ocrx_word' id='word_1_320' title='bbox 768 3044 1074 3093; x_wconf 87' lang='lat' dir='ltr'>Euctemon.</span> <span class='ocrx_word' id='word_1_321' title='bbox 1553 3040 1568 3057; x_wconf 88' lang='lat'><em>&#39;</em></span> 
     </span>
    </p>
   </div>
   <div class='ocr_carea' id='block_1_4' title="bbox 445 3123 2742 4147">
    <p class='ocr_par' dir='ltr' id='par_1_12' title="bbox 580 3123 1096 3175">
     <span class='ocr_line' id='line_1_34' title="bbox 580 3123 1096 3175; baseline 0.004 -4"><span class='ocrx_word' id='word_1_322' title='bbox 580 3123 786 3175; x_wconf 61' lang='lat' dir='ltr'>Ecdicius</span> <span class='ocrx_word' id='word_1_323' title='bbox 807 3123 1096 3173; x_wconf 87' lang='lat' dir='ltr'>historicus.</span> 
     </span>
    </p>

    <p class='ocr_par' dir='ltr' id='par_1_13' title="bbox 445 3202 2718 3907">
     <span class='ocr_line' id='line_1_35' title="bbox 573 3202 2713 3269; baseline 0.001 -17"><span class='ocrx_word' id='word_1_324' title='bbox 573 3203 821 3266; x_wconf 69' lang='lat' dir='ltr'>Eadem,</span> <span class='ocrx_word' id='word_1_325' title='bbox 843 3206 859 3233; x_wconf 77' lang='lat'><strong><em>⁴</em></strong></span> <span class='ocrx_word' id='word_1_326' title='bbox 878 3203 1115 3253; x_wconf 78' lang='lat' dir='ltr'>Platonis</span> <span class='ocrx_word' id='word_1_327' title='bbox 1148 3202 1374 3264; x_wconf 76' lang='lat' dir='ltr'>auditor,</span> <span class='ocrx_word' id='word_1_328' title='bbox 1408 3205 1461 3253; x_wconf 87' lang='lat' dir='ltr'>in</span> <span class='ocrx_word' id='word_1_329' title='bbox 1482 3204 1765 3268; x_wconf 80' lang='lat' dir='ltr'>astrologia</span> <span class='ocrx_word' id='word_1_330' title='bbox 1780 3204 1987 3269; x_wconf 83' lang='lat' dir='ltr'>judicio</span> <span class='ocrx_word' id='word_1_331' title='bbox 2010 3203 2425 3254; x_wconf 83' lang='lat' dir='ltr'>doctissimorum</span> <span class='ocrx_word' id='word_1_332' title='bbox 2448 3204 2713 3254; x_wconf 83' lang='lat' dir='ltr'>hominum</span> 
     </span>
     <span class='ocr_line' id='line_1_36' title="bbox 505 3281 2713 3349; baseline 0 -18"><span class='ocrx_word' id='word_1_333' title='bbox 505 3281 658 3333; x_wconf 83' lang='lat' dir='ltr'>facile</span> <span class='ocrx_word' id='word_1_334' title='bbox 699 3282 979 3346; x_wconf 86' lang='lat' dir='ltr'>princeps,’</span> <span class='ocrx_word' id='word_1_335' title='bbox 1014 3283 1181 3349; x_wconf 89' lang='lat' dir='ltr'>iuquit</span> <span class='ocrx_word' id='word_1_336' title='bbox 1198 3285 1390 3333; x_wconf 83' lang='lat' dir='ltr'>Tullius</span> <span class='ocrx_word' id='word_1_337' title='bbox 1412 3284 1477 3333; x_wconf 89' lang='lat' dir='ltr'>de</span> <span class='ocrx_word' id='word_1_338' title='bbox 1500 3284 1676 3334; x_wconf 82' lang='lat' dir='ltr'>Diviu.</span> <span class='ocrx_word' id='word_1_339' title='bbox 1706 3283 1800 3334; x_wconf 77' lang='lat' dir='ltr'>lib.</span> <span class='ocrx_word' id='word_1_340' title='bbox 1827 3298 1892 3336; x_wconf 87' lang='lat'>11.</span> <span class='ocrx_word' id='word_1_341' title='bbox 1927 3300 1979 3348; x_wconf 71' lang='lat' dir='ltr'>p·</span> <span class='ocrx_word' id='word_1_342' title='bbox 2001 3287 2115 3335; x_wconf 78' lang='grc'><strong>246.</strong></span> <span class='ocrx_word' id='word_1_343' title='bbox 2139 3284 2312 3347; x_wconf 86' lang='lat' dir='ltr'>patria</span> <span class='ocrx_word' id='word_1_344' title='bbox 2347 3284 2575 3333; x_wconf 83' lang='lat' dir='ltr'>Gnidius</span> <span class='ocrx_word' id='word_1_345' title='bbox 2595 3284 2713 3333; x_wconf 76' lang='lat' dir='ltr'>fuit.</span> 
     </span>
     <span class='ocr_line' id='line_1_37' title="bbox 508 3363 2716 3429; baseline 0 -16"><span class='ocrx_word' id='word_1_346' title='bbox 508 3363 681 3427; x_wconf 85' lang='lat' dir='ltr'>Hujus</span> <span class='ocrx_word' id='word_1_347' title='bbox 704 3363 898 3426; x_wconf 84' lang='lat' dir='ltr'>scripta</span> <span class='ocrx_word' id='word_1_348' title='bbox 920 3363 1158 3413; x_wconf 74' lang='lat' dir='ltr'>Laiirtius</span> <span class='ocrx_word' id='word_1_349' title='bbox 1179 3371 1449 3414; x_wconf 86' lang='lat' dir='ltr'>enumerat</span> <span class='ocrx_word' id='word_1_350' title='bbox 1470 3365 1563 3414; x_wconf 85' lang='lat' dir='ltr'>lib&#39;.</span> <span class='ocrx_word' id='word_1_351' title='bbox 1584 3379 1713 3415; x_wconf 74' lang='lat' dir='ltr'>vlu.</span> <span class='ocrx_word' id='word_1_352' title='bbox 1734 3380 1791 3429; x_wconf 81' lang='lat' dir='ltr'>p.</span> <span class='ocrx_word' id='word_1_353' title='bbox 1810 3369 1928 3415; x_wconf 75' lang='lat'>285.</span> <span class='ocrx_word' id='word_1_354' title='bbox 1992 3366 2084 3424; x_wconf 76' lang='grc' dir='ltr'>Γῆς</span> <span class='ocrx_word' id='word_1_355' title='bbox 2113 3364 2335 3427; x_wconf 67' lang='grc' dir='ltr'>περίοδον</span> <span class='ocrx_word' id='word_1_356' title='bbox 2364 3373 2420 3415; x_wconf 91' lang='lat' dir='ltr'>et</span> <span class='ocrx_word' id='word_1_357' title='bbox 2448 3364 2716 3427; x_wconf 65' lang='grc' dir='ltr'><strong><em>τερίτλουν</em></strong></span> 
     </span>
     <span class='ocr_line' id='line_1_38' title="bbox 508 3441 2714 3509; baseline 0 -15"><span class='ocrx_word' id='word_1_358' title='bbox 508 3442 690 3494; x_wconf 82' lang='lat' dir='ltr'>laudat</span> <span class='ocrx_word' id='word_1_359' title='bbox 728 3441 1109 3506; x_wconf 82' lang='lat' dir='ltr'>Agathemerus</span> <span class='ocrx_word' id='word_1_360' title='bbox 1132 3444 1223 3494; x_wconf 83' lang='lat' dir='ltr'>lib.</span> <span class='ocrx_word' id='word_1_361' title='bbox 1248 3459 1288 3493; x_wconf 93' lang='grc' dir='ltr'>ι.</span> <span class='ocrx_word' id='word_1_362' title='bbox 1322 3460 1374 3509; x_wconf 88' lang='lat' dir='ltr'>p.</span> <span class='ocrx_word' id='word_1_363' title='bbox 1402 3448 1452 3494; x_wconf 89' lang='grc'>2.</span> <span class='ocrx_word' id='word_1_364' title='bbox 1483 3452 1542 3494; x_wconf 79' lang='lat' dir='ltr'>et</span> <span class='ocrx_word' id='word_1_365' title='bbox 1565 3446 1756 3495; x_wconf 80' lang='lat' dir='ltr'>Sextus</span> <span class='ocrx_word' id='word_1_366' title='bbox 1779 3447 1979 3509; x_wconf 83' lang='lat' dir='ltr'>Empir.</span> <span class='ocrx_word' id='word_1_367' title='bbox 2012 3446 2104 3496; x_wconf 82' lang='lat' dir='ltr'>lib.</span> <span class='ocrx_word' id='word_1_368' title='bbox 2126 3460 2166 3497; x_wconf 88' lang='lat'>1.</span> <span class='ocrx_word' id='word_1_369' title='bbox 2221 3444 2483 3507; x_wconf 73' lang='lat' dir='ltr'>Pyrr-hon.</span> <span class='ocrx_word' id='word_1_370' title='bbox 2508 3445 2714 3509; x_wconf 79' lang='lat' dir='ltr'>Hypot.</span> 
     </span>
     <span class='ocr_line' id='line_1_39' title="bbox 509 3523 2714 3589; baseline 0.001 -17"><span class='ocrx_word' id='word_1_371' title='bbox 509 3535 629 3586; x_wconf 81' lang='lat' dir='ltr'>cap.</span> <span class='ocrx_word' id='word_1_372' title='bbox 654 3525 732 3574; x_wconf 87' lang='grc'>14.</span> <span class='ocrx_word' id='word_1_373' title='bbox 756 3537 807 3585; x_wconf 88' lang='lat' dir='ltr'>p.</span> <span class='ocrx_word' id='word_1_374' title='bbox 828 3526 910 3571; x_wconf 71' lang='grc'>80.</span> <span class='ocrx_word' id='word_1_375' title='bbox 979 3523 1185 3573; x_wconf 87' lang='lat' dir='ltr'>Librum</span> <span class='ocrx_word' id='word_1_376' title='bbox 1210 3524 1323 3588; x_wconf 82' lang='lat' dir='ltr'>ejus</span> <span class='ocrx_word' id='word_1_377' title='bbox 1345 3524 1519 3587; x_wconf 82' lang='lat' dir='ltr'>operis</span> <span class='ocrx_word' id='word_1_378' title='bbox 1538 3532 1740 3575; x_wconf 84' lang='lat' dir='ltr'>sextum</span> <span class='ocrx_word' id='word_1_379' title='bbox 1764 3527 1943 3575; x_wconf 87' lang='lat' dir='ltr'>laudat</span> <span class='ocrx_word' id='word_1_380' title='bbox 1966 3526 2245 3576; x_wconf 74' lang='lat' dir='ltr'>Athenaeus</span> <span class='ocrx_word' id='word_1_381' title='bbox 2267 3523 2361 3575; x_wconf 85' lang='lat' dir='ltr'>lib.</span> <span class='ocrx_word' id='word_1_382' title='bbox 2385 3539 2489 3575; x_wconf 82' lang='lat' dir='ltr'>vn.</span> <span class='ocrx_word' id='word_1_383' title='bbox 2516 3541 2567 3589; x_wconf 90' lang='lat' dir='ltr'>p.</span> <span class='ocrx_word' id='word_1_384' title='bbox 2597 3530 2714 3576; x_wconf 83' lang='grc'><strong>288.</strong></span> 
     </span>
     <span class='ocr_line' id='line_1_40' title="bbox 509 3602 2714 3670; baseline 0 -16"><span class='ocrx_word' id='word_1_385' title='bbox 509 3602 732 3666; x_wconf 80' lang='lat' dir='ltr'>Scripsit</span> <span class='ocrx_word' id='word_1_386' title='bbox 752 3612 808 3652; x_wconf 87' lang='lat' dir='ltr'>et</span> <span class='ocrx_word' id='word_1_387' title='bbox 833 3604 1180 3654; x_wconf 82' lang='lat' dir='ltr'>Phaeuomena</span> <span class='ocrx_word' id='word_1_388' title='bbox 1202 3606 1348 3653; x_wconf 80' lang='lat' dir='ltr'>libris</span> <span class='ocrx_word' id='word_1_389' title='bbox 1380 3604 1604 3669; x_wconf 82' lang='lat' dir='ltr'>duobus,</span> <span class='ocrx_word' id='word_1_390' title='bbox 1640 3621 1705 3654; x_wconf 82' lang='lat' dir='ltr'>ex</span> <span class='ocrx_word' id='word_1_391' title='bbox 1739 3606 1922 3670; x_wconf 87' lang='lat' dir='ltr'>quihus</span> <span class='ocrx_word' id='word_1_392' title='bbox 1965 3607 2181 3656; x_wconf 78' lang='lat' dir='ltr'>Aratum</span> <span class='ocrx_word' id='word_1_393' title='bbox 2215 3606 2449 3655; x_wconf 76' lang='lat' dir='ltr'>hausisse</span> <span class='ocrx_word' id='word_1_394' title='bbox 2472 3606 2714 3669; x_wconf 79' lang='lat' dir='ltr'>plurima,</span> 
     </span>
     <span class='ocr_line' id='line_1_41' title="bbox 508 3684 2718 3751; baseline 0.001 -18"><span class='ocrx_word' id='word_1_395' title='bbox 508 3689 696 3733; x_wconf 80' lang='lat' dir='ltr'>auctor</span> <span class='ocrx_word' id='word_1_396' title='bbox 718 3691 802 3734; x_wconf 88' lang='lat' dir='ltr'>est</span> <span class='ocrx_word' id='word_1_397' title='bbox 824 3684 1154 3748; x_wconf 84' lang='lat' dir='ltr'>Hipparchus</span> <span class='ocrx_word' id='word_1_398' title='bbox 1192 3686 1244 3734; x_wconf 88' lang='lat' dir='ltr'>in</span> <span class='ocrx_word' id='word_1_399' title='bbox 1279 3686 1570 3736; x_wconf 75' lang='lat' dir='ltr'>Commeat.</span> <span class='ocrx_word' id='word_1_400' title='bbox 1599 3686 1664 3736; x_wconf 84' lang='lat' dir='ltr'>ad</span> <span class='ocrx_word' id='word_1_401' title='bbox 1698 3685 1850 3736; x_wconf 80' lang='lat' dir='ltr'>Arat.</span> <span class='ocrx_word' id='word_1_402' title='bbox 1885 3703 1938 3751; x_wconf 85' lang='lat' dir='ltr'>p.</span> <span class='ocrx_word' id='word_1_403' title='bbox 1970 3692 2083 3737; x_wconf 76' lang='grc'><strong>173.</strong></span> <span class='ocrx_word' id='word_1_404' title='bbox 2116 3688 2169 3735; x_wconf 87' lang='lat' dir='ltr'>in</span> <span class='ocrx_word' id='word_1_405' title='bbox 2201 3687 2526 3750; x_wconf 76' lang='lat' dir='ltr'>Urauologio</span> <span class='ocrx_word' id='word_1_406' title='bbox 2562 3687 2718 3735; x_wconf 75' lang='lat' dir='ltr'>Peta-</span> 
     </span>
     <span class='ocr_line' id='line_1_42' title="bbox 507 3762 2712 3832; baseline 0.002 -20"><span class='ocrx_word' id='word_1_407' title='bbox 507 3763 613 3816; x_wconf 64' lang='grc' dir='ltr'>4νίἰι</span> <span class='ocrx_word' id='word_1_408' title='bbox 649 3762 739 3813; x_wconf 87' lang='lat' dir='ltr'>uhi</span> <span class='ocrx_word' id='word_1_409' title='bbox 774 3765 931 3814; x_wconf 87' lang='lat' dir='ltr'>alium</span> <span class='ocrx_word' id='word_1_410' title='bbox 954 3765 1159 3815; x_wconf 80' lang='lat' dir='ltr'>Eudoxi</span> <span class='ocrx_word' id='word_1_411' title='bbox 1179 3764 1391 3821; x_wconf 85' lang='lat' dir='ltr'>librum,</span> <span class='ocrx_word' id='word_1_412' title='bbox 1411 3771 1562 3830; x_wconf 66' lang='lat' dir='ltr'>quen}</span> <span class='ocrx_word' id='word_1_413' title='bbox 1585 3764 1813 3829; x_wconf 66' lang='grc' dir='ltr'>ὅνοπρον</span> <span class='ocrx_word' id='word_1_414' title='bbox 1833 3767 2088 3831; x_wconf 82' lang='lat' dir='ltr'>iuscripit‚</span> <span class='ocrx_word' id='word_1_415' title='bbox 2107 3765 2293 3816; x_wconf 74' lang='lat' dir='ltr'>laudat</span> <span class='ocrx_word' id='word_1_416' title='bbox 2314 3765 2457 3816; x_wconf 68' lang='lat' dir='ltr'>idem</span> <span class='ocrx_word' id='word_1_417' title='bbox 2481 3766 2712 3832; x_wconf 81' lang='lat' dir='ltr'>Hippar-</span> 
     </span>
     <span class='ocr_line' id='line_1_43' title="bbox 445 3843 866 3907; baseline 0.012 -17"><span class='ocrx_word' id='word_1_418' title='bbox 445 3846 448 3852; x_wconf 89' lang='lat'>&#39;</span> <span class='ocrx_word' id='word_1_419' title='bbox 513 3843 660 3906; x_wconf 87' lang='lat' dir='ltr'>chus,</span> <span class='ocrx_word' id='word_1_420' title='bbox 681 3860 731 3907; x_wconf 87' lang='lat' dir='ltr'>p.</span> <span class='ocrx_word' id='word_1_421' title='bbox 755 3849 866 3896; x_wconf 87' lang='grc'><strong>177.</strong></span> 
     </span>
    </p>

    <p class='ocr_par' dir='ltr' id='par_1_14' title="bbox 509 3923 2742 4147">
     <span class='ocr_line' id='line_1_44' title="bbox 574 3923 2712 3993; baseline 0.002 -21"><span class='ocrx_word' id='word_1_422' title='bbox 574 3923 781 3988; x_wconf 70' lang='lat' dir='ltr'>Euenor,</span> <span class='ocrx_word' id='word_1_423' title='bbox 816 3924 1004 3990; x_wconf 62' lang='grc' dir='ltr'>Εὐήνωρ</span> <span class='ocrx_word' id='word_1_424' title='bbox 1036 3926 1273 3977; x_wconf 81' lang='lat' dir='ltr'>Medicus</span> <span class='ocrx_word' id='word_1_425' title='bbox 1305 3925 1561 3978; x_wconf 75' lang='lat' dir='ltr'>Athenaeo</span> <span class='ocrx_word' id='word_1_426' title='bbox 1595 3929 1688 3979; x_wconf 84' lang='lat' dir='ltr'>lib.</span> <span class='ocrx_word' id='word_1_427' title='bbox 1723 3942 1788 3979; x_wconf 78' lang='lat' dir='ltr'>n.</span> <span class='ocrx_word' id='word_1_428' title='bbox 1822 3944 1875 3993; x_wconf 85' lang='lat' dir='ltr'>p.</span> <span class='ocrx_word' id='word_1_429' title='bbox 1911 3933 1994 3979; x_wconf 78' lang='grc'>46.</span> <span class='ocrx_word' id='word_1_430' title='bbox 2031 3928 2117 3979; x_wconf 90' lang='lat' dir='ltr'>uhi</span> <span class='ocrx_word' id='word_1_431' title='bbox 2150 3927 2492 3978; x_wconf 79' lang='lat' dir='ltr'>cisterninam</span> <span class='ocrx_word' id='word_1_432' title='bbox 2526 3943 2712 3992; x_wconf 71' lang='lat' dir='ltr'>aquam</span> 
     </span>
     <span class='ocr_line' id='line_1_45' title="bbox 509 4005 2742 4075; baseline 0.003 -24"><span class='ocrx_word' id='word_1_433' title='bbox 509 4005 695 4053; x_wconf 81' lang='lat' dir='ltr'>ceteris</span> <span class='ocrx_word' id='word_1_434' title='bbox 716 4008 1005 4070; x_wconf 87' lang='lat' dir='ltr'>auteponit.</span> <span class='ocrx_word' id='word_1_435' title='bbox 1071 4008 1409 4058; x_wconf 81' lang='lat' dir='ltr'>Curationum</span> <span class='ocrx_word' id='word_1_436' title='bbox 1442 4009 1604 4060; x_wconf 83' lang='lat' dir='ltr'>libros</span> <span class='ocrx_word' id='word_1_437' title='bbox 1637 4010 1865 4074; x_wconf 87' lang='lat' dir='ltr'>scripsit,</span> <span class='ocrx_word' id='word_1_438' title='bbox 1909 4023 2121 4075; x_wconf 79' lang='lat' dir='ltr'>quorum</span> <span class='ocrx_word' id='word_1_439' title='bbox 2154 4010 2368 4074; x_wconf 83' lang='lat' dir='ltr'>quintus</span> <span class='ocrx_word' id='word_1_440' title='bbox 2402 4009 2649 4058; x_wconf 84' lang='lat' dir='ltr'>laudatur</span> <span class='ocrx_word' id='word_1_441' title='bbox 2680 4021 2742 4057; x_wconf 83' lang='lat' dir='ltr'>a·</span> 
     </span>
     <span class='ocr_line' id='line_1_46' title="bbox 513 4083 1382 4147; baseline 0.009 -16"><span class='ocrx_word' id='word_1_442' title='bbox 513 4083 673 4132; x_wconf 74' lang='lat' dir='ltr'>Caelio</span> <span class='ocrx_word' id='word_1_443' title='bbox 695 4083 993 4147; x_wconf 85' lang='lat' dir='ltr'>Aureliano,</span> <span class='ocrx_word' id='word_1_444' title='bbox 1015 4087 1206 4138; x_wconf 81' lang='lat' dir='ltr'>chron.</span> <span class='ocrx_word' id='word_1_445' title='bbox 1224 4101 1310 4138; x_wconf 80' lang='grc' dir='ltr'><strong>ιιι.</strong></span> <span class='ocrx_word' id='word_1_446' title='bbox 1330 4092 1382 4139; x_wconf 91' lang='grc'>8.</span> 
     </span>
    </p>
   </div>
   <div class='ocr_carea' id='block_1_5' title="bbox 578 4162 2709 4234">
    <p class='ocr_par' dir='ltr' id='par_1_15' title="bbox 578 4162 2709 4234">
     <span class='ocr_line' id='line_1_47' title="bbox 578 4162 2709 4234; baseline 0.004 -24"><span class='ocrx_word' id='word_1_447' title='bbox 578 4162 863 4214; x_wconf 69' lang='lat' dir='ltr'>Euhemerus</span> <span class='ocrx_word' id='word_1_448' title='bbox 897 4165 914 4192; x_wconf 91' lang='lat'>‘</span> <span class='ocrx_word' id='word_1_449' title='bbox 930 4167 1156 4230; x_wconf 84' lang='lat' dir='ltr'>scriptor</span> <span class='ocrx_word' id='word_1_450' title='bbox 1184 4167 1422 4227; x_wconf 61' lang='lat' dir='ltr'>Guneus.</span> <span class='ocrx_word' id='word_1_451' title='bbox 1458 4183 1615 4234; x_wconf 77' lang='lat' dir='ltr'>quern</span> <span class='ocrx_word' id='word_1_452' title='bbox 1647 4169 1847 4221; x_wconf 81' lang='lat' dir='ltr'>Ennius</span> <span class='ocrx_word' id='word_1_453' title='bbox 1878 4170 1934 4219; x_wconf 85' lang='lat' dir='ltr'>iu</span> <span class='ocrx_word' id='word_1_454' title='bbox 1956 4168 2198 4220; x_wconf 68' lang='lat' dir='ltr'>Latiuim</span> <span class='ocrx_word' id='word_1_455' title='bbox 2218 4167 2386 4219; x_wconf 74' lang='lat' dir='ltr'>vertit</span> <span class='ocrx_word' id='word_1_456' title='bbox 2409 4164 2709 4233; x_wconf 56' lang='lat' dir='ltr'>eloquium}</span> 
     </span>
    </p>
   </div>
  </div>
 </body>
</html>
