3000 4917
802 437 866 486 c.
915 421 1543 483 PLINllisEoUNDl
1598 433 1742 484 ms.
1791 435 1904 483 111.
1947 418 2081 506 (6.)

395 575 661 644 Antipolis]
716 578 804 629 Sic
829 586 979 628 vett.
1020 577 1155 629 edd.‘
1174 578 1355 641 legunt
1376 593 1390 623 ε

330 654 716 720 verisimileque
737 663 845 712 est,
877 654 1129 718 Pelasgos
1167 660 1259 702 aut
1292 653 1392 701 Ar-

330 729 508 790 cadas,
535 731 762 793 quicum
802 729 1171 793 Aboriginibus
1213 730 1393 796 Satur-f

329 804 468 853 niam
495 805 766 868 tenebam,
803 805 900 854 hoc
934 819 1118 854 nomen
1149 803 1390 855 Janiculo

328 880 597 941 indidisse,
633 881 770 945 quod
809 880 862 930 id
903 880 1153 944 oppidum
1192 880 1289 930 sibi
1325 895 1392 929 ex

326 953 549 1006 adverso
569 957 725 1005 sitnm
745 964 902 1005 esset.
938 957 1108 1006 Gelen.

401 1031 605 1081 Carnem
637 1032 689 1081 in
710 1037 865 1081 monte
883 1032 1096 1096 Albano]
1126 1033 1191 1083 In
1223 1032 1390 1083 visce-

333 1107 679 1169 ratione,sive
696 1109 822 1172 ἑνηῖ
839 1108 1137 1173 nme-Bauio,
1149 1109 1233 1158 cui
1251 1110 1390 1173 apud

331 1185 760 1236 Lacedaemonios
782 1188 1228 1250 splendidissimus
1252 1187 1389 1251 quis·

330 1275 433 1326 que
488 1277 550 1311 ac
613 1261 926 1311 clarissimus
983 1261 1389 1325 praeficiebatur.

328 1337 520 1401 Itaque
557 1345 614 1387 et
638 1337 900 1402 Lysandro
937 1352 1123 1387 munus
1155 1338 1389 1402 aliquan-

328 1414 399 1462 do
432 1414 484 1463 id
509 1415 835 1463 commissum
859 1423 959 1465 est.
1017 1414 1235 1478 Rhodig.
1263 1428 1317 1464 v.
1339 1418 1389 1465 7.

324 1488 418 1549 τὴν
453 1489 755 1552 κρεωδαισίαν
778 1491 1104 1555 Lampridius
1145 1490 1198 1539 in
1231 1491 1391 1540 Alex-

329 1565 496 1616 andro
535 1568 831 1618 Edulitatem
865 1567 1132 1619 nominare
1167 1566 1393 1619 videtur.

328 1642 501 1693 Doleo.

396 1720 678 1783 Fidenates]
703 1720 929 1770 Fidenas
952 1720 1146 1771 evertit
1169 1734 1230 1769 ac
1250 1734 1394 1785 pror-

329 1809 417 1844 sus
471 1795 664 1844 delevit
715 1796 794 1845 M.
843 1796 1073 1845 AEmilius
1130 1796 1392 1846 Dictator.

330 1872 485 1920 Idem.

397 1950 478 1999 Ita
496 1966 558 1999 ezr
578 1951 771 2015 antiquo
784 1952 928 2003 Latio
949 1953 1108 2003 LIII.
1129 1953 1297 2017 populi
1316 1953 1393 2002 in-

327 2025 526 2089 teriere]
550 2028 623 2076 Hi
643 2030 845 2092 populi,
860 2031 949 2093 qui
965 2044 1030 2078 ex
1055 2031 1270 2094 antiqno
1297 2031 1394 2079 La·

325 2102 424 2164 tio,
445 2101 606 2150 Plinii
632 2111 887 2167 tempore,
911 2103 1175 2162 defecere,
1198 2105 1273 2154 illi
1298 2104 1395 2168 ipsi

327 2183 449 2227 sunt
492 2177 724 2240 proxima
758 2181 1010 2230 relatione
1054 2180 1122 2229 ab
1152 2180 1267 2245 ipso
1289 2195 1395 2231 me·

326 2252 536 2301 morati.
606 2253 742 2302 Nam
766 2253 1020 2317 praefatus
1058 2253 1180 2318 fuit,
1214 2254 1396 2306 ‘fuere

326 2329 382 2376 in
406 2328 555 2377 Latio
579 2331 720 2378 clara
740 2330 937 2393 oppida
955 2329 991 2380 :’
1014 2331 1158 2394 qnasi
1182 2331 1399 2395 diceret,

332 2401 484 2453 fuere
506 2406 644 2465 olim,
660 2406 770 2468 jam
791 2420 892 2454 non
918 2412 1056 2456 sunt.
1123 2405 1197 2456 Hi
1221 2415 1395 2455 autem

326 2483 509 2545 populi
535 2494 613 2531 ιι.
634 2490 774 2545 sunt,
797 2497 898 2531 non
925 2496 1042 2532 un.
1098 2483 1287 2546 Itaque
1307 2489 1397 2533 aut

330 2558 441 2607 duo
482 2558 675 2621 oppida
716 2559 1035 2609 librariorum
1073 2560 1398 2623 indiligentia

329 2633 523 2683 omissa
542 2642 683 2695 sunt,
714 2640 806 2684 aut
839 2636 892 2683 in
916 2643 1180 2698 postrema
1202 2650 1397 2685 summa

326 2723 433 2759 non
458 2722 575 2759 mir.
592 2709 681 2759 sed
704 2723 754 2759 ι..
772 2710 927 2760 scribi
948 2710 1124 2760 debet.
1160 2711 1382 2763 Pintian.

405 2784 635 2848 Casilini]
671 2787 759 2835 De
801 2787 1028 2836 Casilino
1063 2795 1120 2835 et
1149 2786 1396 2835 Casilino-

326 2875 445 2911 rum
470 2861 718 2911 adversus
741 2861 1091 2912 Hannibalem
1118 2861 1399 2912 fortissima

328 2938 618 2986 tolerantia
643 2938 763 2987 vide
785 2938 963 2988 strab.
985 2938 1072 2987 lib.
1097 2953 1146 2987 v.
1182 2939 1351 2988 Dalec.

396 3014 446 3064 A
470 3015 705 3065 Surrento
738 3018 802 3065 ad
832 3016 1049 3066 Silarum
1071 3030 1274 3072 amnem,
1288 3016 1396 3080 ξω]

327 3095 377 3143 Α
403 3092 639 3142 Surrento
657 3094 719 3141 ad
754 3092 964 3142 Silarum
986 3107 1169 3142 amnem
1190 3092 1397 3153 triginta

326 3169 485 3217 millia
535 3183 757 3231 passuum
809 3182 928 3229 ager
973 3167 1257 3217 Picentinus
1288 3168 1400 3227 suit

335 3246 588 3306 Oscorum,
628 3246 818 3307 Templo
860 3245 1068 3292 Junonis
1096 3244 1299 3305 Argivoe
1338 3245 1398 3294 ab

325 3321 507 3370 Jasone
527 3321 715 3369 condito
750 3319 957 3381 insignis
974 3336 991 3369 .-
1019 3319 1106 3380 ,sic
1128 3320 1258 3383 legit
1286 3320 1398 3369 Sal-

332 3410 466 3446 mas.
479 3400 596 3446 ‘5ss
673 3415 682 3422 ‘

395 3474 478 3523 Ad
513 3471 798 3535 columnam]
828 3473 1022 3523 Strabo
1057 3486 1266 3536 semper
1300 3472 1398 3523 hoc
1425 3512 1439 3522 .

332 3548 591 3597 vocabulo
640 3548 827 3597 utitur.
894 3548 1072 3599 Graeei
1116 3546 1306 3607 στήλην
1344 3555 1403 3599 et

328 3622 554 3684 στηλίδα.
589 3623 1009 3687 Manuscriptum
1028 3624 1293 3687 exemplar
1312 3624 1401 3673 ha·

329 3701 426 3750 bet
446 3701 692 3749 coloniam.
726 3700 915 3749 Dalec.

404 3777 640 3840 Utraque]
677 3776 862 3825 Altera
882 3777 1075 3839 Evina,
1095 3778 1257 3826 altera
1275 3778 1402 3827 Fru-

330 3857 549 3901 mentura
573 3860 805 3902 vocatur.
840 3853 1012 3902 Dalec.

402 3929 638 3978 Baleares
657 3927 789 3989 duo]
807 3928 1003 3977 Statius
1026 3928 1078 3976 in
1104 3926 1274 3978 Achil.
1298 3926 1314 3953 ‘
1330 3927 1405 3977 Ut

333 4003 489 4055 flexae
524 4004 813 4054 balearicus
851 4011 1000 4054 actor
1030 4005 1264 4065 habente,
1286 4005 1406 4056 Quo

335 4094 589 4144 suspensa
613 4079 822 4128 trahens
837 4079 1051 4129 libraret
1070 4081 1286 4128 vulnera
1299 4085 1404 4128 tor·

335 4163 395 4206 tu
413 4155 677 4206 Inclusum
701 4156 902 4219 quoties
920 4155 1265 4221 distingueret
1284 4155 1406 4205 aera

337 4233 508 4297 gyro.'
598 4231 855 4283 Hadrian.
897 4233 1021 4286 Jnn.
1063 4246 1103 4284 1.
1138 4237 1189 4284 2.
1230 4232 1404 4284 Ortel.

335 4309 493 4359 Thes.
526 4309 678 4359 Idem.
711 4327 718 4332 ’

2362 420 2534 486 5007

1537 577 1724 640 Oppida
1759 578 1899 626 habet
1930 579 2102 627 civium
2140 578 2395 627 Romanor.
2427 578 2533 643 ξω]

1467 655 1660 703 Sensus
1684 663 1788 704 est:
1813 655 1953 704 Olim
1970 656 2198 719 quinque
2216 656 2267 704 in
2287 671 2350 704 ea
2365 656 2537 706 insula

1463 729 1663 793 oppida
1683 729 1860 792 fuisse,
1891 731 1994 780 duo
2022 730 2112 793 jus
2128 732 2359 781 civitatis
2375 732 2533 779 babu-

1466 804 1600 855 issez
1635 805 1740 855 duo
1767 806 1859 869 jus
1900 807 2073 856 Latii:
2111 807 2347 870 quintum
2372 804 2534 856 foede·

1465 888 1634 930 ratum
1668 880 2018 931 Romanorum
2051 879 2236 939 fnisse,
2268 882 2426 946 idque
2458 881 2534 930 in·

1465 956 1764 1008 tercidisse.
1801 958 1969 1007 Gelen-
2039 958 2226 1020 Oppida
2252 958 2391 1007 habet
2415 957 2535 1012 eiri-⁶

1463 1047 1543 1081 uun
1571 1032 1910 1088 Romanorum,
1940 1032 2047 1096 ξω]
2080 1033 2316 1097 Legend.
2341 1032 2535 1096 Oppida

1462 1107 1602 1158 habet
1643 1108 1816 1157 civium
1857 1110 2174 1158 Romanon
2221 1110 2444 1160 Palmam
2487 1113 2536 1157 et

1465 1186 1784 1236 Pollentiam:
1819 1187 2000 1235 Latina
2026 1187 2219 1234 Cinium
2251 1192 2298 1236 et
2343 1185 2535 1234 Tucim.-

1464 1266 1513 1310 et
1530 1262 1824 1321 soederatum
1860 1261 2153 1312 Bocchorum
2162 1261 2284 1321 fuit.
2313 1262 2536 1310 Salmas.

1468 1350 1589 1398 pag.
1613 1340 1728 1386 281.

1531 1411 1810 1474 Moenan'oe]
1843 1410 1894 1462 A
1916 1413 2094 1464 mainis
2118 1412 2346 1478 piscibus
2368 1414 2530 1463 salsa·

1467 1493 1643 1537 mento
1669 1489 1825 1551 aptis.
1861 1489 2030 1538 Gelen.

1532 1566 1602 1613 Et
1647 1580 1801 1628 parva
1838 1565 2117 1628 Annibalis]
2174 1565 2347 1615 Hodie
2393 1565 2536 1615 Alsac

1467 1648 1701 1698 vocatur,
1723 1642 1860 1690 inter
1885 1642 2192 1704 Hispaniam
2230 1648 2285 1689 et
2318 1640 2536 1703 Majori·

1469 1730 1583 1765 cam
1608 1730 1638 1766 e
1668 1717 1884 1780 regione
1910 1717 2159 1779 Onesiae,
2194 1717 2345 1766 hodie
2369 1718 2536 1766 Torto-

1468 1808 1543 1841 sa.
1577 1793 1888 1843 Hermolaus
1911 1793 2043 1842 baud
2071 1801 2213 1844 recte
2239 1802 2390 1857 putat
2421 1808 2536 1843 esse

1470 1868 1878 1919 Cuniculariam.
1911 1870 2081 1920 Dalec.
2278 1887 2281 1890 ·

1533 1945 1740 1995 Blascon
1763 1943 1981 2007 coeatur]
2016 1946 2537 2009 Monpessulensibus

1468 2023 1644 2084 hodie,
1666 2023 1743 2073 La
1768 2024 1954 2084 Ptage:
1989 2022 2159 2071 insula
2176 2023 2350 2072 cincta
2371 2024 2538 2072 altera

1470 2114 1536 2149 ex
1563 2107 1712 2161 parte
1736 2100 1885 2160 mari,
1911 2101 2074 2149 altera
2095 2107 2299 2162 stagno.
2332 2100 2504 2148 Dalec.

1536 2174 1833 2238 Stoecliades]
1866 2176 2152 2225 Ptolemaeo
2182 2184 2236 2224 et
2271 2176 2537 2233 Straboni,

1471 2251 1777 2302 Stoecbades
1833 2253 2058 2316 quinque
2087 2268 2102 2299 ε
2156 2253 2272 2300 duwe
2327 2267 2536 2316 parvas:

1473 2336 1582 2378 tres
1602 2339 1683 2379 sat
1704 2345 1934 2393 magnae:
1972 2344 2034 2380 ac
2060 2339 2173 2393 post
2198 2344 2290 2378 eos
2316 2332 2449 2379 Lero
2483 2338 2538 2379 et

1471 2405 1739 2455 Planasia.
1789 2405 2091 2455 Stoecbades
2115 2412 2222 2454 tres
2247 2405 2428 2468 Plinii,
2450 2405 2538 2453 bo-

1473 2483 1558 2532 die
1582 2484 1804 2545 Pomige‚
1821 2483 1888 2532 ab
1907 2484 2056 2533 unius
2073 2486 2294 2533 nomine.
2348 2486 2537 2533 Earum

1474 2559 1658 2621 prima,
1705 2561 1979 2608 Themista
2030 2560 2318 2623 Martiano,
2373 2560 2540 2616 Prote

1473 2634 1672 2696 Plinio,
1715 2635 1869 2683 hodie
1911 2635 2063 2683 Isoco.
2146 2634 2331 2685 Altera
2371 2636 2539 2692 Mese,

1474 2708 1626 2758 hodie
1661 2710 1782 2759 Divi
1822 2709 2085 2773 Stephani:
2120 2711 2278 2759 tertia
2310 2710 2539 2774 Hypaea,

1474 2786 1629 2835 hodie
1676 2786 1897 2847 Pomige.
1967 2786 2100 2834 Aliae
2140 2786 2318 2835 insulae
2365 2800 2540 2849 parvae

1474 2864 1791 2915 Stoecbadib.
1836 2864 2041 2926 vicinae,
2073 2863 2191 2914 duae
2219 2864 2463 2914 Straboni
2488 2871 2541 2911 et

1475 2941 1784 3000 Ptolemaeo,
1812 2942 1988 3004 plures
2028 2941 2207 2996 Melae,
2244 2940 2419 2995 hodie,
2447 2940 2542 2989 Les

1476 3017 1577 3065 Iles
1594 3017 2003 3076 Dieres‚numero
2027 3023 2154 3064 tres:
2173 3017 2397 3072 Bonomo,
2417 3017 2537 3064 Por·

1476 3097 1526 3141 to
1563 3094 1731 3155 Crozo,
1768 3093 1919 3141 Porto
1952 3092 2120 3142 Rhena
2157 3092 2268 3141 sive
2309 3092 2541 3141 Ribadeo.

1477 3169 1717 3220 Quatuor
1768 3182 1888 3216 vero
1928 3167 2288 3216 Stoechadibus
2331 3168 2543 3230 vicinae,

1475 3245 1727 3306 Sturium,
1758 3243 2028 3293 Phoenice.
2097 3242 2252 3292 Phila
2274 3244 2428 3300 Lero.
2451 3243 2542 3291 bo-

1477 3320 1564 3369 die
1602 3320 1742 3376 Aire,
1779 3320 1957 3380 Hiare,
2003 3321 2230 3375 Proxelo,
2262 3320 2379 3368 Reo.
2446 3320 2543 3369 His

1476 3396 1724 3459 adjacent
1757 3403 1812 3444 et
1845 3396 1961 3444 aliae
1992 3395 2129 3456 duae,
2152 3410 2364 3459 quarum
2386 3410 2541 3445 unam

1476 3473 1683 3522 rubram
1731 3477 1955 3521 vocant:
2027 3470 2337 3519 Blascouem
2388 3469 2543 3520 hodie

1477 3548 1582 3597 dici
1632 3547 1867 3597 Gianeam
1910 3547 2129 3610 volunt:
2178 3553 2236 3594 et
2280 3543 2542 3608 Agatharn

1477 3625 1766 3673 Ptolemaeo
1813 3630 2169 3683 memoratam,
2205 3619 2544 3684 bodieL’isls

1477 3698 1672 3750 d’Ade:
1708 3698 1918 3759 Lerina,
1949 3698 2001 3746 in
2035 3712 2140 3761 qua
2172 3696 2388 3746 Leronis
2415 3706 2544 3746 tem·

1481 3778 1621 3839 plum
1671 3775 1794 3836 fuit,
1846 3773 1997 3823 bodie
2043 3773 2217 3823 Sancti
2265 3774 2544 3822 Honorati.-

1478 3851 1725 3901 Plauasia
1748 3864 1868 3899 vero
1905 3864 1936 3898 a
1958 3848 2218 3898 Strabone
2245 3849 2557 3912 memorata,

1478 3926 1599 3976 huic
1623 3926 1790 3976 vicina
1824 3925 1977 3975 hodie
2015 3926 2166 3974 Divae
2207 3926 2544 3988 Margaretae.

1482 4004 1636 4053 Idem.
1750 4011 1753 4012 ’

1708 4073 1947 4128 Cnessvr.
1991 4080 2062 4127 De
2089 4079 2297 4129 Corsica.

1550 4155 1767 4219 Corsica]
1818 4157 1902 4205 De
1948 4155 2174 4205 Corsicae
2218 4156 2343 4215 situ,
2389 4153 2547 4204 variis

1482 4231 1681 4288 incolis,
1697 4230 2073 4293 Phocensibus‚
2094 4231 2390 4294 Liguribus,
2410 4230 2547 4279 Cau-

1483 4306 1668 4371 tabris,
1691 4315 1745 4356 et
1771 4307 1836 4357 de
1861 4305 2073 4357 coloniis
2098 4306 2339 4356 Mariana
2356 4311 2410 4355 et
2430 4306 2543 4368 Syl-
