3000 4917
479 344 658 413 4688

480 510 644 573 inter
691 512 944 591 septem
992 506 1363 585 miracula,³'
1408 508 1458 573 ii
1506 508 1793 572 maxime
1825 507 2118 573 artifices
2149 507 2391 572 fecere.
2485 506 2685 572 Patet

480 613 567 675 ab
608 616 837 675 austro
879 617 950 674 et
996 610 1457 693 septemtrione
1489 627 1865 691 sexagenos
1896 617 2115 673 ternos
2146 610 2371 693 pedes»,
2400 610 2683 674 brevius

480 731 523 778 a
565 712 942 789 frontibus,⁸
983 718 1126 776 toto
1158 711 1446 776 circuitu
1467 718 1495 746 ⁸
1540 711 1753 794 pedes
1784 711 2293 795 quadringentos
2321 711 2682 776 undecim:

480 816 809 881 attollitur
851 814 919 879 in
966 814 1383 882 altitudinem
1432 815 1665 894 viginti
1712 816 2007 898 quinque
2048 815 2331 879 cubitis:
2392 814 2684 894 cingitur

479 918 806 982 columnis
826 915 851 954 '³
879 918 1142 999 triginta
1172 935 1323 980 sex.
1414 917 1667 980 Pteron
1700 925 2080 982 vocavere.‘
2166 917 2276 981 Ab
2310 918 2564 980 oriente
2579 911 2681 964 4⁷⁶

478 1019 752 1083 caelavit
794 1018 1081 1101 Scopae,
1122 1035 1163 1080 a
1206 1018 1672 1100 septemtrione
1719 1018 2037 1100 Bryaxis»,
2069 1037 2110 1082 a
2139 1018 2418 1090 meridie
2447 1017 2683 1088 Timo·

478 1122 695 1198 thena,
728 1122 814 1186 ab
858 1139 1106 1185 occasu
1149 1118 1548 1183 Leochares.
1636 1120 1971 1203 Priusque
2015 1140 2213 1203 quam
2263 1124 2681 1202 peragerent,

475 1223 703 1306 regina
726 1223 1107 1300 Artemisia,
1138 1241 1294 1306 quae
1324 1224 1544 1286 mariti
1573 1224 1911 1290 memoriae
1942 1224 2009 1287 id
2042 1243 2218 1306 opus
2249 1223 2513 1286 exstrui
2532 1220 2683 1304 jus-

478 1332 674 1401 serat,
702 1326 893 1390 obiit.
981 1324 1142 1390 Non
1190 1330 1410 1388 tamen
1460 1335 1873 1391 recesserunt
1911 1325 2038 1389 nisi
2071 1325 2382 1388 absoluto
2404 1323 2579 1408 jam,
2611 1321 2681 1385 id

479 1428 708 1508 gloriae
760 1427 1057 1510 ipsorum
1106 1427 1399 1508 artisque
1446 1434 1939 1492 monumentum
1967 1425 2396 1509 judicantes:
2444 1424 2679 1488 hodie·

478 1537 652 1611 que⁶
694 1535 953 1594 certant
995 1548 1258 1593 manus.
1349 1527 1659 1593 Accessit
1700 1535 1766 1594 et
1795 1529 2066 1612 quintus
2108 1528 2371 1592 artifex.
2468 1525 2536 1590 N
2542 1544 2683 1589 am-

478 1650 608 1713 que
640 1649 845 1714 supra
870 1636 1130 1713 pteron,
1160 1630 1456 1715 pyramis
1489 1630 1840 1694 altitudine
1869 1628 2327 1694 inferiorem48
2357 1628 2683 1711 aequavit,

1213 362 1277 413 0.
1329 362 1566 410 Pium!
1616 359 1940 411 SEUUND!

1388 1793 1634 1816 “nu“
1641 1793 1759 1814 ‘00‘

479 1898 641 1942 centt.
708 1892 858 1951 Mox,
883 1892 1015 1956 Ops:
1031 1891 1159 1941 iden·
1178 1892 1309 1942 inter
1339 1908 1382 1942 s.
1416 1907 1481 1940 m.
1515 1893 1638 1957 quod
1657 1892 1710 1941 Ιιὶ
1731 1894 1958 1949 naxium,
1979 1897 2062 1957 ὅτ.
2098 1893 2214 1943 cod·
2238 1892 2564 1942 Dialem-47
2602 1890 2686 1939 Ita

479 1972 543 2006 ex
584 1963 711 2006 vett.
738 1957 964 2006 Turneb.
991 1956 1248 2006 Harduin.
1292 1963 1337 2006 1.
1374 1961 1424 2006 2.
1462 1960 1511 2006 3.
1548 1963 1608 2006 et
1646 1965 1875 2009 receutt.
1947 1958 2156 2020 triginta
2190 1973 2295 2006 sex.
2358 1956 2439 2006 Ab
2482 1955 2685 2004 Oriente

480 2022 714 2072 Gronov.
739 2029 793 2070 et
809 2022 1117 2085 vulgg.-48
1155 2022 1373 2084 Namque
1388 2026 1558 2084 pteron
1575 2022 1835 2085 amarioris
1850 2023 2138 2087 pyramidis,
2160 2021 2466 2071 altitudinem
2488 2020 2686 2080 inferio-

476 2101 575 2136 rem
596 2086 708 2137 cod.
733 2087 922 2137 Delec.
964 2086 1095 2135 Nam
1115 2101 1217 2150 quoe
1238 2100 1384 2150 supra
1402 2091 1540 2149 ptera
1556 2088 1775 2162 pyramis
1792 2087 2102 2138 altitudinem
2123 2087 2404 2147 inferiorum
2425 2086 2555 2134 Vet.
2578 2084 2685 2134 Da·

1468 2199 1685 2250 NOTAE

478 2299 583 2348 alii.
648 2297 778 2361 Typi
822 2298 1088 2347 centesima
1131 2304 1350 2355 tantum,
1394 2311 1534 2346 meu·
1615 2298 1863 2350 hactenus
1888 2298 2084 2363 vulgati
2108 2297 2521 2362 praetermis'ere:
2563 2310 2690 2358 quas

480 2376 623 2423 dose.
661 2372 800 2425 Quid
826 2373 963 2437 quod
988 2383 1042 2423 et
1065 2373 1325 2423 Diodorus
1348 2388 1446 2421 non
1470 2372 1536 2421 ad
1612 2381 1666 2422 et
1688 2374 1739 2423 in
1763 2377 1980 2427 vetustis
1998 2373 2261 2428 codicibus
2277 2373 2549 2423 Turnebus
2565 2378 2689 2421 ante

478 2449 806 2513 Olympiadis
819 2462 928 2499 cvr.
942 2464 1127 2499 anuum
1145 2451 1364 2500 alterum
1385 2450 1536 2499 Mau·
1614 2466 1720 2507 uos¹
1747 2451 1894 2501 vidit.
1963 2451 2138 2516 Πτερὰ,
2162 2452 2216 2500 in
2247 2465 2302 2500 re
2328 2450 2693 2516 aedificatoria,

476 2527 571 2575 soli
606 2525 826 2588 obitum,
848 2524 938 2574 sed
974 2525 1039 2574 ad
1078 2533 1320 2590 quartum
1358 2523 1541 2580 refert,
1615 2528 1746 2577 muri
1767 2528 1868 2579 duo
1892 2537 2010 2578 sunt
2045 2531 2095 2578 in
2120 2528 2450 2578 altitudinem
2476 2540 2690 2576 consur·

477 2602 566 2651 lib.
590 2614 707 2650 xvi.
745 2617 819 2650 vs.
848 2603 1047 2652 435.—‘
1073 2601 1209 2652 Vide
1244 2616 1362 2666 quae
1397 2602 1539 2652 dice·
1617 2613 1819 2670 gentes,
1853 2607 2049 2656 alarum
2093 2606 2269 2654 instar.
2335 2602 2474 2652 Vide
2512 2602 2692 2651 Strab.

477 2693 591 2727 mnis
615 2676 850 2741 inferius,
872 2692 989 2741 cap.
1014 2676 1083 2726 6!
1124 2678 1213 2727 Ed.
1235 2692 1329 2727 sec.

542 2763 564 2798 5
602 2754 735 2803 Inter
754 2760 930 2818 septem
950 2753 1198 2816 miracula]
1231 2752 1365 2803 Haec
1389 2752 1541 2814 vulgo

476 2838 785 2881 censentur:
839 2835 885 2879 1.
926 2828 1062 2877 Muri
1101 2824 1449 2893 Babyloniei.⁴
1488 2832 1540 2877 2.

477 2907 664 2955 Dianae
691 2905 931 2969 Ephesia:
973 2905 1239 2968 templum.
1306 2908 1355 2954 3.
1388 2903 1541 2955 Jovis

478 2982 710 3046 Olympii
736 2981 1082 3030 simulacrum.
1147 2984 1198 3029 4.
1231 2980 1542 3044 Pyramides

476 3057 753 3121 AEgyptiae.
797 3062 846 3106 5.
882 3057 1226 3107 Mausoleum.
1279 3060 1329 3105 6.
1361 3057 1541 3107 Colos-

478 3150 561 3184 sus
585 3135 832 3184 Rhodius.
900 3136 949 3183 7.
986 3133 1112 3197 Cyri
1136 3133 1295 3196 regia.

541 3219 561 3244 ²
592 3212 640 3262 A
654 3209 923 3275 frontibus]
979 3207 1064 3259 Ab
1100 3210 1303 3260 oriente
1325 3209 1465 3273 Sole,
1485 3216 1541 3259 et

477 3286 542 3335 ab
566 3285 857 3336 occidente.

541 3370 564 3397 ⁸
601 3364 717 3411 Toto
738 3361 966 3426 circuitu]
1004 3361 1339 3425 Opnsipsurn
1359 3361 1539 3410 circui·

475 3439 569 3489 bat
591 3440 938 3504 cingebatque
964 3438 1046 3487 vel
1069 3438 1225 3500 fossa,
1246 3438 1331 3487 vel
1365 3453 1540 3488 murus

478 3514 724 3570 exterior,
760 3514 1076 3578 aliquantum
1120 3513 1184 3562 ab
1224 3513 1337 3577 ipso
1381 3528 1542 3578 opere

477 3590 720 3639 dissitus:
758 3602 918 3654 quare
959 3594 1098 3637 totus
1141 3587 1398 3639 Mausolei
1436 3603 1541 3638 am-

477 3663 621 3716 bitus
645 3656 836 3729 pedum
859 3662 961 3714 fuit
982 3677 1196 3716 ccccxl.

541 3742 565 3777 b
598 3743 826 3804 Cingitur
856 3739 1106 3803 columnis]
1155 3742 1386 3794 Quarum
1427 3740 1546 3790 alti-

476 3818 604 3868 tudo
627 3834 742 3868 cum
779 3817 986 3866 minime
1018 3818 1085 3866 sit
1120 3831 1390 3881 expressa,
1413 3818 1547 3867 exis-

477 3895 664 3943 timare
714 3892 841 3942 licet
884 3892 1047 3941 fuisse
1091 3899 1307 3951 tantam,
1353 3900 1547 3958 quanta

478 3968 690 4033 Ephesii
727 3969 907 4033 templi
943 3970 1188 4018 columnae
1225 3968 1395 4031 fuere,
1432 3969 1546 4031 ipso

477 4045 650 4094 Plinio
670 4051 824 4100 teste,
849 4059 965 4107 cap.
990 4048 1072 4093 21.
1096 4044 1215 4093 libri
1248 4045 1423 4110 hujus,
1448 4044 1547 4093 hoc

475 4130 578 4184 est,
615 4134 706 4170 Lx.
741 4121 949 4185 pedum,
987 4128 1076 4171 aut
1113 4119 1349 4183 fortassis
1388 4121 1547 4171 etiam

478 4198 720 4263 plurium.

537 4281 560 4308 ‘-
592 4273 778 4322 Pteron
818 4271 1059 4335 vocavere]
1095 4273 1206 4323 Has
1243 4287 1393 4324 voces
1429 4271 1546 4336 typi

1617 2684 1708 2734 lib.
1750 2697 1897 2733 xvn.
1931 2698 1984 2746 p.
2019 2686 2131 2732 805.
2181 2679 2369 2743 Itaque
2414 2679 2573 2741 pteri,
2599 2691 2691 2725 seu

1618 2759 1813 2809 alarum
1840 2759 1972 2819 vice,
1996 2760 2248 2807 columnae
2283 2772 2359 2808 eae
2385 2754 2560 2816 fuere,
2585 2756 2691 2818 qui-

1619 2835 1713 2885 bus
1738 2836 1979 2898 imposita
2014 2833 2202 2883 deinde
2243 2832 2471 2897 pyramis
2499 2830 2691 2892 altera,

1617 2911 1693 2960 uti
1710 2926 1826 2960 mox
1851 2911 2071 2974 dicetur,
2092 2905 2323 2960 inferiori
2339 2907 2489 2971 operi
2513 2907 2694 2955 altitu·
2729 2953 2735 2962 ,

1618 2987 1744 3038 dine
1777 3001 1892 3050 par.

1680 3062 1704 3097 ‘¹
1736 3063 1815 3115 Ab
1851 3063 2053 3128 oriente]
2090 3063 2358 3112 Vitruvius
2394 3061 2446 3109 in
2488 3058 2692 3110 Praefa·

1619 3140 1759 3190 tione
1783 3140 1901 3190 libri
1926 3140 2153 3204 septimi,
2177 3154 2228 3201 p.
2259 3141 2370 3186 126.
2403 3141 2417 3166 ⁸
2440 3137 2690 3201 Namque

1616 3216 1829 3279 singulis
1865 3212 2123 3266 frontibus
2159 3210 2473 3279 (Mausolei)
2498 3211 2692 3273 singuli

1619 3290 1844 3341 artifices
1885 3297 2179 3340 sumserunt
2222 3288 2468 3337 certatim
2511 3294 2692 3351 partes

1619 3368 1682 3416 ad
1714 3368 2029 3418 ornandum:
2081 3366 2393 3424 Leochares,
2437 3365 2694 3429 Bryaxes,

1618 3445 1830 3510 Scopas,
1874 3442 2202 3494 Praxiteles:
2261 3441 2494 3490 nonnulli
2534 3440 2692 3488 etiam

1621 3528 1806 3584 putant
1819 3519 2170 3569 Timotheum:
2189 3532 2404 3581 quorum
2421 3516 2548 3565 artis
2570 3516 2694 3564 erni-

1619 3611 1746 3645 nens
1791 3595 2103 3645 excelleutia
2148 3592 2324 3656 coegit
2371 3591 2438 3640 ad
2486 3598 2692 3654 septem

1620 3673 1981 3722 miraculorum
2021 3670 2131 3734 ejus
2184 3668 2356 3732 operis
2408 3668 2691 3730 pervenire

1619 3747 1844 3798 famam?
1906 3746 2061 3796 Libro
2097 3759 2220 3793 vero
2245 3758 2308 3793 ιι.
2330 3757 2446 3807 cap.
2471 3746 2523 3791 8.
2562 3754 2692 3791 cave

1622 3825 1806 3874 credas
1825 3824 1891 3872 ab
1903 3838 1967 3872 eo
1980 3823 2233 3885 scriptore
2244 3820 2583 3870 Mausoleum
2605 3818 2692 3867 de·

1621 3901 1796 3963 scribi,
1814 3898 1949 3965 quod
1975 3898 2108 3946 viros
2123 3898 2351 3947 eruditos
2375 3896 2426 3946 in
2451 3896 2690 3944 fraudem

1623 3977 1848 4041 impulit.

1687 4062 1711 4089 θ
1756 4050 2028 4117 Hodieque]
2078 4049 2356 4113 Hodieque
2420 4046 2688 4097 contentio

1625 4138 1724 4193 est,
1745 4146 1860 4195 quae
1898 4128 2046 4192 cujus
2083 4124 2298 4175 artificis
2337 4139 2520 4175 manus
2552 4125 2605 4173 in
2627 4134 2688 4171 eo

1626 4222 1785 4271 opere
1809 4206 1999 4271 primas
2025 4202 2278 4253 obtineat.
