3000 4917
2313 378 2489 445 4563

269 537 456 601 mina
486 535 844 602 scribenda
870 543 1161 603 utuntur.
1248 536 1418 602 Sunt
1443 538 1562 621 qui
1588 537 1822 603 etvini
1850 538 2085 604 faecem
2105 535 2130 577 ¹
2155 539 2486 606 siccatam

273 645 705 722 excoquant=
750 637 1226 722 affirmantque,
1251 639 1312 704 si
1340 659 1429 705 ex
1456 640 1633 705 bono
1666 640 1824 705 vino
1854 637 1992 705 faex
2018 641 2238 719 suerit,
2266 641 2489 708 Indici

272 741 619 823 speciem⁸
652 741 720 804 id
754 748 1195 806 atramentum
1225 742 1577 825 praebere.⁵
1652 742 2081 827 'Polygnotus
2112 750 2185 808 et·
2199 743 2490 823 Micon,⁶

272 843 693 907 celeberrimi
722 843 1017 928 pictores
1044 841 1356 921 Athenis,
1391 863 1430 906 e
1456 844 1757 931 vinaceis
1788 845 2002 909 secere
2026 865 2044 910 z
2070 853 2096 893 ⁷
2142 846 2444 929 tryginon
2463 845 2489 883 Β

273 945 644 1029 appellant.
733 946 1017 1030 Apelles
1049 951 1464 1011 commentus
1496 952 1602 1010 est
1617 966 1705 1011 ex
1732 944 1967 1012 eborei
1998 948 2358 1012 combusto
2380 947 2486 1012 sa-

273 1066 447 1124 eere,
473 1048 656 1131 quod
687 1048 1173 1131 elephantinum
1202 1047 1499 1113 vocavit.
1574 1047 2003 1132 Apportatur
2026 1056 2098 1113 et
2126 1046 2483 1126 Indicum,j

274 1149 725 1233 inexploratae
746 1150 773 1188 ⁸
820 1150 1038 1215 adhuc
1090 1150 1501 1215 inventionis
1556 1151 1738 1215 mihi.
1843 1151 1964 1215 Fit
2009 1151 2213 1215 ctiam
2233 1147 2258 1186 ¹⁸
2305 1151 2490 1233 apud

273 1250 637 1317 infectores
665 1270 755 1316 ex
786 1251 947 1343 dore
978 1252 1192 1334 nigro,
1223 1252 1340 1336 qui
1377 1251 1786 1332 adhaerescit
1816 1252 2009 1318 aereis
2033 1253 2327 1318 cortinis,
2376 1252 2492 1318 Fit

274 1358 342 1415 et
369 1371 412 1416 e
441 1348 676 1418 taedis¹
716 1353 897 1435 ligno
926 1354 1317 1431 combusto,
1346 1354 1661 1438 tritisque
1691 1356 1761 1419 in
1810 1355 2132 1419 mortario
2178 1355 2489 1420 carboni-

274 1454 429 1519 bus·
528 1452 709 1518 Mira
738 1455 809 1518 in
835 1454 966 1519 hoc
996 1456 1330 1538 sepiarum
1381 1462 1664 1520 naturae
1709 1456 1830 1520 sed
1878 1475 1965 1520 ex
2008 1458 2117 1521 his
2154 1475 2289 1520 non
2339 1455 2495 1521 fite*

277 1554 498 1620 Omne
531 1563 760 1622 autem
790 1562 1271 1622 atramentum⁹
1315 1557 1484 1622 Sole
1516 1557 1879 1642 perficitur,
1927 1557 2269 1624 librarium
2302 1577 2495 1640 gum·

843 392 1020 442 uxr.
1067 386 1268 441 mar.
1322 392 1466 440 mn.
1520 390 1779 442 XXXV.
1823 377 1932 442 25.

1204 1719 1577 1742 meme&

283 1824 328 1869 1.
372 1824 421 1869 2.
459 1824 510 1869 3.
547 1826 604 1870 et
643 1825 971 1871 teneam—5
1007 1821 1135 1870 Vet.
1168 1820 1358 1871 Dalee.
1395 1820 1624 1885 prebere,
1660 1821 1889 1887 trigynon
1922 1823 2279 1886 appellunt—6
2313 1821 2501 1886 Myce»

276 1884 613 1934 Gronov.-—‘1
645 1885 776 1935 Cod.
815 1886 998 1936 Dalec.
1028 1886 1222 1949 pictura
1253 1886 1462 1935 Athenis
1499 1901 1527 1935 e
1563 1886 1759 1935 vinacea
1776 1886 1922 1946 sace.
1984 1889 2000 1915 ‘
2026 1886 2157 1935 Haec
2179 1884 2285 1934 duo
2309 1887 2493 1948 rerba,

271 1949 480 2010 pictores
501 1948 728 2010 Athonis,
749 1950 801 1997 in
844 1948 910 1999 V.
948 1948 1032 1998 hic
1059 1963 1159 1999 non
1193 1951 1457 2013 leguntur,
1488 1950 1584 1999 sed
1622 1959 1740 2014 post
1765 1948 2012 2013 prebere.⁸
2046 1950 2333 2000 Daiec.-8
2365 1951 2382 1978 ‘
2406 1950 2492 1999 Ita

278 2013 411 2074 bene
441 2012 600 2062 codd.
622 2013 791 2076 Regg.
824 2015 874 2062 2.
897 2017 946 2062 3.
970 2020 1026 2062 et
1049 2014 1284 2063 Pintian.
1355 2014 1421 2063 In
1461 2014 1581 2064 cod.
1621 2015 1755 2078 Reg.
1777 2020 1825 2063 ὅ.
1860 2023 1916 2064 et
1950 2013 2196 2064 Editione
2233 2014 2489 2077 principe,

276 2078 514 2141 aliisque,
535 2076 730 2127 frustra
752 2077 1005 2140 additum,
1027 2092 1089 2127 ex
1112 2078 1291 2135 India,-
1322 2078 1459 2142 quod
1485 2077 1699 2128 inutile!
1734 2079 1949 2128 Brolier.
2004 2083 2054 2127 et
2074 2078 2295 2127 Indicum
2318 2092 2381 2127 ex
2406 2074 2487 2127 Is·

273 2142 371 2195 dia,
388 2143 706 2205 inexploratae
727 2142 960 2192 Gronov.
985 2143 1052 2191 ai.
1074 2149 1207 2191 vett.
1227 2143 1490 2192 Harduin.
1517 2147 1563 2192 1.
1585 2148 1635 2191 2.
1651 2147 1700 2192 3.
1721 2150 1778 2192 et
1795 2144 2116 2193 meeum—9
2148 2142 2233 2191 Ita
2256 2141 2490 2191 Gronov.

276 2207 343 2318 {¹¹⁹
368 2214 503 2256 vett.
529 2206 787 2257 Harduin.
809 2209 857 2258 1.
873 2205 1176 2271 etBipont.
1245 2208 1399 2257 Omne
1417 2212 1741 2257 atramentum
1775 2207 2033 2257 Harduin.
2056 2211 2106 2256 2.
2149 2210 2199 2255 3.
2218 2205 2416 2255 Miller.
2436 2214 2495 2257 et

322 2284 467 2321 rans.

1287 2351 1337 2401 N
1344 2350 1503 2402 01*AE

340 2445 360 2480 ¹
390 2447 517 2497 Sunt
538 2449 621 2512 qai
642 2452 691 2497 et
706 2446 1021 2514 viaisoecem]
1059 2448 1146 2499 Fit
1168 2447 1344 2499 hodie-

280 2537 382 2587 que
403 2530 460 2572 et
482 2524 558 2573 ric
581 2539 612 2572 a
634 2523 921 2587 pictoribus
939 2521 1111 2579 Italis,
1135 2531 1253 2573 usta
1275 2522 1351 2573 vi-

279 2601 332 2648 ni
366 2597 525 2661 faece‚
558 2614 712 2665 quam
752 2601 790 2649 ii
824 2601 998 2651 Fascia
1032 2602 1088 2651 da·
1109 2602 1240 2652 botta
1263 2615 1348 2650 vo·

279 2683 420 2727 cant.
476 2676 749 2725 Vitruvius
790 2690 894 2727 vu.
936 2679 1016 2726 lo.-
1076 2691 1194 2741 pag.
1240 2679 1351 2727 144.

278 2752 444 2802 “Non
468 2753 638 2802 minus
662 2753 704 2803 si
742 2751 844 2801 faex
882 2752 989 2801 viui
1021 2751 1273 2813 arefacta,
1295 2760 1353 2803 et

282 2834 433 2879 e'oeta
456 2829 510 2878 in
536 2827 750 2878 fornace
772 2827 948 2886 fuerit,
969 2835 1025 2878 et
1044 2843 1107 2878 ea
1124 2829 1354 2878 contrita

280 2916 393 2953 cum
418 2904 617 2968 glutino
643 2905 695 2953 in
717 2918 879 2968 opere
915 2903 1208 2961 inducetur,
1234 2917 1350 2967 per-

281 2989 434 3045 quam
459 2981 738 3030 atramenti
757 2993 968 3030 suavem
993 2978 1190 3030 efficiet
1211 2980 1350 3030 eolo-

281 3058 420 3105 r'em:
456 3063 511 3105 et
534 3069 636 3120 quo
670 3055 836 3119 magis
873 3069 943 3104 ex
980 3054 1196 3104 meliore
1231 3054 1348 3105 vino

283 3131 585 3196 parabitur:
624 3146 728 3181 non
761 3130 917 3181 modo
941 3131 1234 3187 atramenti,
1256 3130 1348 3181 sed

281 3209 441 3257 etiam
474 3207 650 3258 Indici
681 3209 909 3258 colorem
946 3207 1095 3257 dabit
1126 3206 1353 3259 imitari-³

284 3284 366 3333 Sic
389 3285 597 3349 pariter
618 3284 853 3335 Isidorus
876 3285 975 3334 loc.
1002 3284 1094 3335 cit.

299 3378 304 3381 -
340 3368 367 3404 r
404 3361 569 3423 Indici
588 3360 810 3425 speeiem]
860 3361 941 3410 De
963 3359 1148 3411 Indico
1171 3359 1351 3410 inferi·

282 3439 338 3485 ns
359 3450 480 3501 cap.
497 3441 584 3487 27.

342 3513 368 3547 ¹·
394 3513 670 3578 Tryginmi]
694 3509 1210 3578 ‘rpbymvffoeeatmae
1233 3524 1351 3563 nam

281 3587 405 3651 τρὺξ,
417 3590 596 3649 saeeem
616 3596 671 3639 et
689 3594 896 3645 moestum
916 3596 1087 3640 sonat.

341 3664 355 3697 ¹
389 3666 477 3714 Ea:
515 3665 675 3728 ebore]
730 3665 904 3730 Atque
944 3665 1029 3717 hic
1068 3663 1348 3714 etiamnum

279 3754 387 3789 mos
410 3747 494 3790 est
517 3741 811 3805 pictoribus
835 3741 1056 3790 nostris:
1091 3755 1261 3807 neque
1283 3754 1349 3789 ex

281 3816 436 3866 ebore
460 3824 662 3865 tantum
690 3825 924 3866 cremato
944 3823 1151 3882 parant,
1171 3816 1263 3867 sed
1291 3823 1348 3867 et

280 3890 345 3938 e'x
367 3891 573 3941 ossibus
595 3892 931 3942 Persicorum
953 3895 1100 3944 ustis.
1133 3894 1220 3944 Da
1240 3894 1348 3943 noir

283 3965 398 4016 d’os.

301 4048 308 4055 ’
342 4042 360 4084 ³
387 4041 689 4107 Apportatur
708 4052 756 4094 et
781 4045 1022 4108 Indicant]
1073 4045 1347 4096 Atramen-

284 4124 388 4167 tum
430 4119 654 4177 scilicet,
696 4130 802 4171 tam
864 4122 1013 4172 nobis
1065 4121 1343 4187 hodieque,

284 4200 434 4253 quam
467 4194 641 4245 Plinio
681 4197 800 4245 olim
829 4196 1078 4260 ignotum.
1143 4196 1217 4246 At
1241 4211 1342 4246 non

287 4266 440 4317 Leoni
468 4267 685 4334 Annio,
709 4273 796 4336 qui
831 4285 991 4336 penes
1026 4286 1081 4323 se
1104 4272 1342 4322 habuisse

1435 2452 1661 2498 testatur
1699 2453 2043 2498 atramentum
2083 2460 2112 2496 e
2150 2447 2330 2498 Siniea
2362 2444 2496 2511 regi-

1433 2538 1534 2574 one
1574 2523 1876 2587 advectum,
1913 2524 2264 2587 nigerrimum,
2287 2523 2498 2574 lucidis-

1431 2599 1741 2665 simumque,
1765 2599 1857 2649 sed
1881 2598 2218 2664 inexplorate
2243 2599 2343 2650 sibi
2364 2615 2497 2664 prae-

1432 2675 1749 2741 putationis,
1778 2683 1837 2726 ut
1874 2676 1988 2740 ipse
2022 2677 2097 2726 ait
2127 2676 2181 2725 in
2220 2675 2500 2726 Animadv.
2554 2706 2559 2710 -

1434 2751 1498 2801 ad
1514 2750 1695 2815 Antiq.
1715 2752 1982 2814 Etruscas,
1993 2766 2134 2803 num.
2149 2755 2231 2802 79.
2251 2766 2367 2816 pag.
2386 2754 2498 2802 144.

1433 2826 1664 2878 Plinium
1688 2825 1849 2891 igitur
1862 2826 2156 2877 ‘Salmasius
2184 2825 2379 2879 frustra
2412 2841 2496 2877 co-

1433 2905 1624 2966 arguit,
1647 2903 1699 2952 in
1723 2902 1885 2953 Solin.
1909 2917 1960 2967 p.
1982 2907 2099 2954 255.

1496 2979 1524 3014 Β
1556 2979 1646 3030 Fit
1666 2978 1835 3041 etiam]
1869 2978 2100 3029 Isidorus
2122 2990 2247 3029 xix.
2272 2983 2355 3030 17.

1496 3055 1511 3088 ¹
1546 3055 1637 3105 Fit
1659 3060 1709 3105 et
1730 3070 1756 3104 ο
1777 3053 1942 3116 tedis]
1994 3054 2266 3104 Vitruvius
2290 3067 2392 3104 vn.
2417 3058 2496 3103 1⁰.

1431 3147 1486 3196 p.
1512 3135 1625 3182 143.
1656 3138 1673 3163 ⁸
1696 3131 1985 3191 Sarmenta,
2005 3136 2096 3180 ant
2116 3129 2277 3195 tandm«
2288 3129 2497 3180 schidiae

1432 3208 1846 3259 comburantur:
1896 3222 2012 3256 cum
2047 3213 2203 3259 eruut
2222 3205 2494 3262 carbones,

1434 3285 1801 3349 extinguantur
1818 3301 1845 3334 z·
1894 3282 2083 3333 deinde
2139 3283 2192 3332 in
2247 3285 2496 3332 mortario

1432 3377 1551 3414 cum
1577 3362 1783 3427 glutino
1804 3365 2067 3411 terantur.
2136 3358 2221 3408 Ita
2238 3359 2342 3408 erit
2358 3365 2496 3409 atra-

1432 3445 1665 3488 mentum
1688 3436 1974 3487 tectoribus
1992 3435 2482 3486 non·invenustum.'

1496 3520 1536 3549 ¹·
1566 3513 1665 3564 Sed
1685 3527 1748 3563 ex
1777 3513 1855 3562 his
1886 3527 1980 3562 non
1995 3510 2092 3577 fit]
2139 3510 2258 3561 Nou
2290 3509 2371 3571 fit,
2401 3510 2493 3559 sed

1381 3585 1385 3589 ’
1433 3589 1690 3639 nascitur:
1728 3590 1810 3638 rei
1833 3602 1936 3638 non
1958 3586 2035 3647 fit,
2057 3586 2194 3652 quod
2217 3599 2404 3648 nempe
2428 3587 2497 3635 sit

1430 3663 1721 3728 pictoribus
1739 3662 1868 3712 usui.
1902 3655 2114 3711 Persius
2130 3661 2238 3710 Sat.
2261 3673 2352 3709 nr.
2383 3660 2493 3708 sine

1433 3739 1786 3791 controversia
1809 3737 2135 3788 stramentio
2150 3737 2296 3800 sepia
2317 3738 2494 3785 memi-

1425 3817 1538 3866 nit:
1574 3817 1591 3845 ⁴
1617 3815 1784 3877 Nigra
1809 3814 1944 3879 quod
1962 3811 2133 3862 infusa
2144 3820 2392 3862 vanescat
2414 3826 2497 3861 se·

1429 3893 1516 3956 pia
1539 3889 1788 3955 lympha.'
1843 3890 1912 3938 Et
1941 3889 2230 3938 Ausonius:
2265 3895 2280 3918 ⁸
2304 3888 2496 3938 Notas·

1427 3982 1531 4032 que
1567 3966 1735 4016 furva
1770 3964 1964 4029 sepiae!
2016 3963 2171 4015 Astos
2210 3965 2357 4028 sepia
2394 3966 2493 4015 sibi

1429 4049 1779 4094 atramentum
1825 4055 2037 4105 parasse
2090 4042 2236 4091 aiunt
2283 4042 2490 4092 Glossae

1428 4128 1654 4181 veteres,
1675 4118 1954 4181 Cornutus,
1971 4117 2491 4174 Casaubonns,‚cete-

1425 4209 1591 4261 rique.
