3000 4917
1179 410 1626 460 Auc'roRuM.
2326 401 2504 464 4917

300 552 501 601 rectius
519 550 918 602 Choeristeuszab
942 555 1164 616 utroque
1185 553 1285 602 loc.
1310 552 1400 601 cit.
1425 559 1793 601 annumeratus
1817 552 1953 602 inter
1978 554 2261 618 scriptores
2278 555 2346 605 de
2370 558 2501 620 agri-

301 633 527 682 cultura.
1628 643 1646 652 ⁹

370 714 553 762 Chares
571 714 892 778 Mitylenaeus,
915 728 1066 778 quem
1090 716 1348 764 Characem
1369 729 1464 776 pro
1493 715 1699 763 Charete
1722 713 2047 778 scripserunt
2071 715 2319 764 hactenus
2348 718 2502 766 Plinii

300 793 526 843 editores
553 795 604 843 in
628 795 813 845 Iudice
837 795 926 847 lib.
953 809 1056 845 κη.
1127 796 1284 847 Hunc
1306 796 1372 845 de
1395 797 1557 859 gestis
1580 795 1868 847 Alexandri
1900 797 2170 859 scripsisse
2202 805 2385 846 auctor
2418 806 2504 848 est

298 873 576 925 Plutarch.
599 876 652 923 in
675 876 788 936 ejus
803 876 946 937 Vita,
969 891 1020 939 p.
1043 880 1156 925 696.
1207 877 1369 939 Cujus
1390 877 1616 925 historiae
1641 877 1829 929 librum
1852 876 2109 925 decimum
2134 877 2313 927 laudat
2330 877 2496 928 Athe-

298 969 446 1003 naeus
471 954 560 1005 lib.
585 964 689 1004 xu.
720 971 771 1018 p.
797 959 912 1005 538.
979 954 1140 1020 Χάρης
1162 970 1191 1005 3
1217 957 1420 1006 Graecis
1446 956 1656 1006 dicitur.
1724 958 1808 1005 De
1830 971 1893 1006 eo
1916 958 2067 1019 plura
2088 958 2292 1008 Suidas.
2357 959 2493 1009 Cha·

297 1049 473 1091 racem
501 1036 707 1100 quidem
738 1050 842 1085 non
877 1035 1107 1087 diffiteor
1140 1037 1468 1086 historiarum
1491 1038 1797 1087 Graecarum
1822 1038 2113 1089 condidisse
2137 1040 2294 1088 libros
2325 1053 2414 1088 xx..
2446 1041 2498 1089 in
2573 1072 2576 1079 ›

298 1115 508 1179 quibus,
530 1122 589 1164 ut
609 1114 746 1164 idem
769 1115 952 1165 Suidas
975 1116 1070 1179 ait,
1093 1115 1319 1179 Augusti
1346 1116 1569 1166 Caesaris
1587 1115 1737 1167 facta
1757 1125 2050 1181 narrantur,
2082 1128 2136 1168 et
2174 1121 2413 1176 Neronis,
2443 1128 2502 1170 et

298 1211 677 1251 successorum.
743 1199 938 1248 Verum
980 1199 1043 1262 is,
1083 1207 1140 1248 et
1183 1199 1352 1249 Plinio
1382 1199 1585 1262 junior,
1624 1206 1685 1249 ut
1726 1208 1969 1263 apparet,
2010 1208 2065 1250 et
2104 1202 2495 1264 Lampsacenus

298 1277 459 1339 idem,
482 1293 583 1328 non
608 1279 943 1342 Mitylenaeus
961 1278 1079 1328 fuit.

296 1402 303 1405 ,
369 1360 697 1424 chrysermus.
766 1359 1008 1410 Medicus
1031 1359 1114 1410 bic
1135 1359 1257 1421 fuit,
1289 1360 1433 1423 cujus
1466 1360 1661 1424 placita
1685 1361 1967 1412 laudantur
1991 1378 2021 1411 a
2047 1362 2217 1410 Plinio
2239 1375 2387 1412 xxu.
2412 1368 2497 1413 32.

297 1439 363 1489 31)
385 1440 633 1490 historico
651 1442 979 1504 cognomine,
1001 1440 1173 1504 patria
1195 1440 1487 1503 Corinthio,
1513 1441 1577 1489 de
1598 1456 1699 1506 quo
1715 1441 2029 1491 Plutarchus
2052 1442 2117 1490 de
2133 1443 2229 1490 Flu
2239 1443 2351 1504 viis,
2375 1456 2497 1506 pag.

300 1525 450 1570 1150.
483 1528 538 1570 et
559 1521 800 1571 Stobaeus
821 1522 989 1571 Serm.
1007 1534 1183 1571 (τινα.
1206 1535 1258 1585 p.
1275 1524 1391 1570 551.
1415 1518 1643 1570 fortasse
1668 1520 1921 1571 diversus.

292 1642 303 1648 -
367 1601 661 1665 Chrysippus
683 1602 1016 1666 Philosophus,
1040 1601 1126 1667 qui
1152 1609 1306 1651 natus
1327 1602 1479 1664 Solis,
1507 1601 1704 1651 Ciliciae
1728 1602 1941 1665 oppido,
1978 1603 2247 1652 Cleanthis
2287 1602 2496 1652 auditor

294 1678 414 1730 fuit.
482 1682 659 1731 Vitam
684 1683 819 1732 illius
843 1683 1052 1745 scripsit
1075 1682 1316 1732 Laertius
1342 1683 1431 1732 lib.
1459 1696 1635 1747 vum.
1654 1687 1770 1733 207.
1841 1684 2002 1732 Edita
2040 1684 2105 1732 ab
2129 1684 2215 1732 illo
2237 1684 2382 1733 aiunt
2408 1699 2497 1731 vo-

295 1761 494 1810 lumina
530 1775 736 1812 nccvn.
825 1763 973 1811 Vixit
1013 1763 1287 1812 Ptolemaei
1324 1764 1601 1825 Evergetse
1637 1770 1693 1813 et
1730 1763 2085 1826 Philopatoris
2130 1771 2323 1813 aetatez
2364 1763 2497 1812 obiit

292 1843 807 1905 Olymp.cxr.1n.ut
827 1843 1013 1893 suidas
1039 1842 1220 1892 refert.
1290 1842 1471 1892 Libros
1493 1843 1609 1906 ejus
1625 1841 1732 1904 περὶ
1761 1842 1948 1904 phoenus
1976 1842 2156 1893 laudat
2179 1843 2495 1894 Plutarchus

296 1924 364 1972 de
376 1924 604 1974 Stoicor.
626 1924 955 1985 Repugnant·
977 1939 1027 1986 p.
1056 1928 1203 1974 1045.
1238 1924 1440 1988 aliaque
1460 1939 1670 1988 owpera.
1769 1968 1775 1975 .

270 2003 274 2006 ⁴
363 2004 657 2069 Chrysippus
677 2005 911 2061 Medicus,
939 2004 1240 2054 Erasistrati
1260 2005 1531 2067 magister,
1555 2012 1612 2052 ut
1631 2004 1830 2053 Plinius
1854 2004 1949 2065 ait,
1985 2017 2155 2053 xxtx.
2176 2007 2224 2052 3.
2260 2004 2492 2054 Galenus

295 2086 363 2134 de
389 2087 555 2135 Veuae
581 2086 822 2135 Sectione
841 2094 1027 2136 contra
1047 2086 1291 2135 Erasistr.
1312 2100 1366 2134 c.
1388 2089 1438 2134 2.
1463 2091 1520 2134 et
1546 2085 1930 2133 Erasistratus·
1917 2097 2027 2147 ipse
2045 2083 2183 2145 apud
2207 2083 2381 2132 Ιιαὸη.
2404 2084 2495 2132 lib.

294 2180 398 2216 vn.
432 2167 485 2214 iu
509 2166 820 2230 Chrysippo,
844 2181 897 2229 p.
918 2170 1032 2215 209.
1077 2166 1222 2216 Vixit
1243 2166 1401 2229 igitur
1424 2167 1467 2215 is
1493 2165 1781 2218 Alexandri
1805 2166 1879 2214 M.
1903 2172 1958 2215 et
1979 2164 2487 2227 PtolemaeiLagidae

291 2248 645 2312 temporibnsz
680 2248 852 2311 patria
873 2246 1093 2299 Cnidius
1112 2246 1231 2297 fuit.
1298 2247 1464 2296 Venae
1501 2247 1786 2301 sectionem
1813 2245 2161 2310 improbabat.
2230 2247 2310 2295 De
2351 2245 2490 2295 bras-

292 2331 402 2378 sica
447 2328 719 2390 scripsisse
741 2329 941 2393 scimus„
961 2342 1028 2376 ex
1066 2327 1240 2377 Plinio
1277 2327 1607 2392 Laertioque.
1671 2327 1777 2376 Sed
1823 2334 1879 2375 et
1917 2340 2047 2388 opus
2071 2325 2345 2388 ,integrum
2384 2325 2493 2386 περὶ

290 2408 544 2470 λαχάνων,
583 2409 643 2456 de
688 2407 931 2470 oleribus,
972 2408 1039 2455 ab
1082 2422 1147 2457 eo
1186 2408 1385 2457 editum
1418 2416 1602 2458 auctor
1643 2414 1725 2458 est
1766 2407 2088 2456 Scholiastes
2127 2405 2377 2456 Nicandri
2420 2406 2489 2454 ad

288 2490 532 2539 Theriae.
555 2503 607 2552 ρ.
628 2493 709 2540 39.
776 2488 1125 2552 Chrysippum
1148 2488 1304 2537 alium
1326 2487 1392 2539 ab
1422 2501 1485 2536 eo
1518 2486 1801 2547 diversum,
1834 2485 2102 2535 Medicum
2140 2485 2359 2549 pariter,
2395 2485 2489 2534 sed

286 2566 576 2632 Rhodium,
595 2569 774 2619 laudat
790 2569 1110 2619 Scholiastes
1130 2568 1400 2618 Theocriti
1420 2568 1486 2617 ad
1513 2567 1669 2632 Idyll.
1695 2581 1814 2617 κν).
1840 2571 1952 2616 128

360 2651 544 2699 Cicero.
574 2651 794 2700 Marcus
814 2649 1028 2705 Tullius,
1050 2649 1135 2703 ille
1159 2649 1401 2697 Romanae
1419 2646 1678 2697 facundia}
1693 2660 1901 2710 pareus.
1902 2673 1965 2682 -
1970 2644 2281 2708 ‘Scripsisse
2299 2608 2489 2694 librum

287 2722 362 2780 de
383 2729 714 2780 Admirandis
735 2745 766 2780 a
785 2730 956 2779 Plinio
978 2728 1194 2791 dicitur,
1214 2741 1375 2780 xxxx.
1396 2733 1446 2780 8.
1467 2736 1523 2778 et
1545 2731 1628 2778 38.
1696 2728 1783 2778 De
1805 2725 2032 2777 consiliis
2055 2727 2179 2788 suis,
2217 2740 2247 2774 a
2284 2725 2492 2789 Βοὸιίο,

288 2812 364 2861 de
387 2812 596 2860 Musica
616 2825 735 2872 cap.
760 2809 824 2860 1.’
857 2811 952 2860 Ed.
973 2825 1067 2859 sec.

364 2892 598 2943 Claudius
613 2893 792 2941 Coesur.
835 2892 1072 2954 Scriptus
1093 2890 1158 2940 ab
1181 2904 1244 2940 eo
1268 2890 1530 2954 historias,
1544 2899 1724 2939 auctor
1744 2895 1825 2938 est
1842 2888 2046 2938 Seneca
2068 2888 2119 2937 in
2145 2887 2491 2936 Ἀποκολοκυν·

286 2970 456 3035 τώσει,
481 2988 532 3035 p.
549 2976 665 3022 932.
727 2972 1007 3021 Suetonius
1043 2972 1096 3020 in
1119 2971 1341 3021 Claudio
1369 2985 1416 3021 c.
1436 2975 1519 3020 41.
1546 2977 1602 3019 et
1623 2973 1706 3019 42.
1737 2969 2006 3017 historiam
2048 2968 2385 3016 ait-scribere
2424 2968 2485 3016 il·

286 3055 399 3103 lum
423 3066 720 3116 aggressum
749 3054 800 3102 in
831 3051 1206 3112 adolescentia,
1223 3051 1290 3100 Τ.
1310 3051 1458 3099 Livio
1477 3049 1989 3111 hortante,Sulpicio
2013 3048 2196 3096 Flavio
2218 3049 2374 3096 etiam
2397 3048 2488 3096 ad·-

198 3170 201 3173 .
280 3136 546 3198 juvante:
594 3133 796 3183 initium
841 3133 1057 3182 duxisse·
1090 3148 1121 3181 a
1162 3131 1384 3181 Caesaris
1428 3130 1608 3179 caede.
1644 3129 1945 3194 reliquisse
1948 3128 2016 3177 de
2055 3127 2152 3179 boc
2182 3136 2485 3190 argumento

287 3226 459 3263 xum.
480 3214 762 3265 volumina:
803 3221 944 3275 octo,
981 3213 1047 3262 de
1085 3212 1212 3262 Vita
1231 3226 1358 3261 sua.
1394 3210 1971 3274 Epistolarum,unum.
2006 3206 2410 3271 Τυῤῥηνικὰίῐεηι
2433 3217 2486 3257 et

289 3293 674 3358 Καρχηδονιακὰ,
697 3297 796 3343 διο.

361 3377 664 3438 Cleemporus
679 3373 971 3437 Medicus,
956 3388 1009 3423 ru
1035 3372 1217 3430 Indice
1243 3370 1656 3435 praetermissus.
1693 3367 1938 3420 laudatur
1960 3373 2133 3418 autem
2155 3372 2406 3419 xx11.44.
2430 3374 2485 3418 et

291 3459 594 3509 xxiv.101.

361 3535 642 3584 Cleobulus
629 3549 682 3584 m
706 3534 889 3584 Indice
929 3535 1021 3584 lib.
1040 3548 1115 3585 w.
1137 3533 1382 3584 laudatur
1405 3549 1434 3582 a
1457 3532 1659 3583 Plinio·
1698 3531 2027 3596 quamobrem
2065 3530 2335 3593 scripsisse
2366 3536 2483 3579 Γεω-

282 3615 593 3679 wasnaum
616 3614 837 3665 videtur.
899 3615 1150 3664 Diversus
1173 3623 1319 3665 certe
1345 3614 1489 3665 abiis
1513 3629 1639 3678 quos
1678 3613 1863 3662 eodem
1896 3612 2099 3662 nomine
2120 3609 2278 3660 fuisse
2303 3613 2482 3674 appel·

283 3699 421 3747 latos
441 3697 719 3761 prodidere
743 3695 978 3746 Laertius
1000 3703 1054 3745 et
1073 3695 1332 3745 Stobaeus.

285 3822 295 3829 ,
357 3778 719 3841 Cleophantus.
749 3777 872 3829 Vini
895 3777 1149 3826 rationem
1174 3776 1240 3825 ab
1264 3791 1324 3826 eo
1343 3776 1655 3825 illustratam
1687 3774 1762 3822 ait
1783 3771 1987 3822 Plinius
2008 3783 2165 3822 xxvi.
2188 3775 2236 3819 8.
2301 3769 2382 3817 De
2416 3783 2479 3819 eo

285 3861 472 3910 Celsus
496 3872 583 3907 ιιι.
609 3861 690 3907 14.
726 3871 886 3920 agens
911 3857 979 3907 de
1003 3858 1233 3906 tertiana
1251 3855 1418 3905 febri:
1451 3857 1466 3883 ‘
1487 3854 1713 3906 Quidam
1750 3867 1814 3902 ex
1852 3851 2231 3916 antiquioribus
2266 3848 2480 3899 medicis

282 3936 678 4001 Cleophantus,'
709 3938 906 4002 inquit,
949 3937 1034 3986 ‘in
1067 3938 1165 3987 hoc
1188 3951 1380 4000 genere
1405 3935 1721 3996 morborum,
1764 3934 1926 3983 multo
1965 3938 2091 3982 ante
2127 3931 2479 3981 accessionem

286 4027 452 4083 caput
491 4019 619 4082 regri
662 4018 825 4067 multa
863 4017 1034 4066 calida
1067 4031 1202 4082 aqua
1239 4016 1605 4080 perfundebat,
1650 4015 1840 4064 deinde
1879 4014 2050 4062 vinum
2085 4012 2282 4061 dabat=
2319 4012 2477 4075 quod,

283 4098 520 4166 quamvis
542 4099 787 4162 pleraque
811 4099 921 4161 ejus
944 4098 1038 4147 viri
1063 4107 1334 4162 praecepta
1357 4105 1565 4147 secutus
1605 4104 1688 4146 est
1733 4093 2090 4158 Asclepiades,
2131 4099 2273 4142 recte
2305 4102 2477 4141 tamen

286 4180 576 4246 praeteriit:
615 4185 698 4228 est
732 4179 868 4227 enim
893 4178 1117 4240 anceps.’
1183 4178 1547 4242 Asclepiadem
1585 4177 1744 4240 igitur
1762 4174 2046 4224 antecessit
2076 4180 2265 4223 vetate:
2299 4172 2478 4223 Psusi-

285 4276 419 4317 aeum
447 4259 700 4323 intelligo,
725 4258 813 4325 qui
847 4258 1175 4320 Mithridatis,
1213 4267 1270 4309 et
1292 4257 1534 4323 Pompeii
1558 4258 1638 4308 M.
1664 4256 1981 4321 temporibus
2014 4252 2209 4304 floruit.
2251 4252 2412 4303 'Idem
2445 4266 2477 4300 3
