3000 4917
2336 363 2513 430 4643

307 525 545 607 forma,
573 525 1005 592 circumdatis
1054 525 1384 609 utrimque
1434 525 1702 591 duabus
1762 525 2015 592 tabulis
2075 525 2514 592 inferciuntur

312 628 563 706 verius,
590 648 794 711 quam
825 627 1260 704 instruuntur,
1302 628 1512 691 aevis²
1557 628 1823 704 durant,
1867 628 2241 711 incorrupti
2287 628 2515 693 imbri-

308 729 465 807 bus,
489 731 727 808 ventis,
756 730 1052 812 ignibus,
1081 730 1397 812 omnique
1427 736 1761 794 caemento
1791 728 2123 795 firmiores
2141 731 2173 793 Ἰ
2235 729 2514 814 Spectat

313 831 520 895 etiam
565 839 778 896 nunc³
825 833 1136 915 speculas
1183 829 1637 895 Hannibalis¹²
1684 830 2054 914 Hispania,
2094 837 2516 915 terrenasque

312 937 527 996 turres
544 932 736 1017 jugis
765 934 1090 1001 montium
1119 933 1501 1015 impositas.
1592 931 1776 997 Hine
1802 942 1872 997 et
1902 932 2235 1017 cespitum
2263 939 2519 1010 natura,

314 1042 692 1100 castrorum
726 1036 922 1101 vallis
951 1032 1492 1112 accommodata,
1526 1040 1807 1099 contra*
1848 1035 2190 1100 fluminum
2226 1036 2521 1121 impetus

313 1137 705 1219 aggeribus,
795 1136 985 1200 Illini
1014 1136 1285 1221 quidem
1306 1142 1334 1171 ⁰
1375 1142 1592 1200 crates
1622 1138 1958 1219 parietum
1999 1138 2164 1216 luto,
2195 1145 2265 1202 et
2291 1138 2524 1203 lateri-

312 1238 445 1302 bus
476 1239 747 1303 crudis?
790 1239 1070 1316 exstrui,
1101 1238 1254 1323 quis
1282 1240 1593 1321 ignorat?

409 1355 640 1406 ΧωΧ.
690 1341 964 1405 Lateres
1010 1359 1148 1404 non
1196 1346 1394 1404 sunt·
1437 1358 1476 1403 e
1510 1340 1861 1419 sabuloso,
1907 1361 2124 1425 neque
2167 1341 2524 1421 'arenoso‚¹’

865 381 1040 429 Nar.
1086 379 1288 428 msr.
1339 380 1489 429 ms.
1539 379 1795 439 xxxx.
1839 363 1949 430 49.

1239 1502 1390 1524 mu
1396 1501 1607 1524 mm&

312 1621 362 1668 q.
383 1620 429 1654 a.
451 1605 724 1663 fornacem,
748 1606 969 1668 quonium
988 1603 1268 1663 fornacium
1286 1606 1420 1653 modo
1441 1603 1726 1654 circumdati
1748 1605 1866 1656 eod.
1882 1607 2169 1656 nalem—2
2206 1606 2523 1656 Vct-Dalec.

314 1672 644 1782 {mautur-
707 1669 964 1720 Enim-3
999 1669 1200 1733 Spectat
1232 1668 1495 1719 etiamnum
1515 1670 1630 1720 cod.
1666 1670 1946 1721 Dalec.-4
1979 1672 2100 1721 Vet.
2125 1671 2310 1722 Dalec.
2347 1676 2396 1720 et
2416 1686 2525 1721 con-

338 1748 414 1783 ra.

1312 1811 1530 1865 No'rAE

548 1928 793 1969 Rasinvs.
827 1928 1159 1967 rmmm‘rau

604 2004 888 2042 rvacaro.
922 2004 1106 2041 rou-ra·

492 2081 719 2120 excisis.
753 2081 841 2118 rr.
875 2080 1220 2121 rnaroRA‘rrs

713 2158 998 2196 uonnuvs

583 2233 899 2272 nmiwv‘rli.
933 2234 1131 2272 ronna
1208 2252 1213 2257 ·
1268 2250 1273 2259 -

470 2309 795 2351 movim-m.
824 2310 1024 2348 mrsu.
1056 2311 1237 2349 romu

565 2385 735 2423 novo.
767 2385 1162 2427 Aru-ommauo

469 2460 534 2497 m
569 2460 808 2499 sacuam,
844 2463 1059 2503 vunnu.
1092 2463 1241 2502 svau

483 2536 929 2574 renuvcssnnau.
960 2539 1225 2578 cvmvrr.

317 2597 556 2652 Isidorus
581 2612 678 2648 xv.
698 2604 748 2651 9.
779 2601 797 2629 ‘
821 2601 1119 2652 For-matum
1155 2604 1263 2653 sive
1286 2602 1391 2655 for·

317 2676 541 2726 marium
565 2677 617 2725 in
640 2675 821 2727 Africa
843 2678 926 2728 vel
949 2679 1204 2745 Hispania
1227 2681 1393 2746 parie-

324 2760 404 2802 tes
434 2752 512 2809 ¹de
551 2759 693 2805 terra
729 2755 1014 2817 appellant,
1051 2758 1306 2820 quomodo
1336 2759 1389 2807 in

322 2826 490 2883 forma
530 2830 866 2880 circumdatis
904 2831 1103 2882 duabus
1127 2833 1389 2899 utrimque

324 2905 519 2956 tabulis
547 2904 898 2957 inferciuntur
922 2908 1112 2969 verius,
1135 2909 1387 2974 quamin-

321 2980 631 3031 strunntur.'
682 2981 947 3035 Palladius
968 2999 1007 3034 1.
1031 2988 1114 3035 34.
1136 2985 1202 3035 de
1225 2987 1391 3036 muni-

324 3059 524 3108 tionum
548 3057 686 3108 horti
720 3058 1029 3121 generibnst
1062 3062 1078 3089 ⁸
1104 3060 1209 3111 Alii
1246 3061 1392 3123 luto‚’

323 3132 510 3198 iuquit,
548 3137 565 3162 ⁴
590 3135 730 3183 inter
767 3132 961 3184 formas
1005 3137 1179 3187 clauso
1223 3138 1391 3202 parie-

326 3219 407 3261 tes
441 3210 696 3272 figuratos
728 3225 795 3259 ex
818 3211 1065 3261 lateribus
1086 3211 1396 3263 imitantur?

326 3285 556 3349 Hispani
581 3285 756 3349 raptae
787 3292 973 3336 vocant
1009 3287 1264 3352 ejusmodi
1303 3304 1392 3354 pa-

328 3365 504 3413 rietes.

390 3447 415 3472 ¹²
436 3439 670 3503 Speculas
693 3439 1007 3503 Hannibalis]
1024 3440 1224 3491 Harum
1249 3440 1394 3495 Han-

327 3514 514 3565 nibalis
552 3516 767 3565 turrium
807 3514 951 3566 facta
991 3517 1232 3579 superius
1254 3531 1394 3567 men·

330 3592 422 3653 tio,
460 3605 528 3641 n.
558 3596 641 3643 73.
675 3593 691 3620 ‘
716 3593 780 3642 In
817 3592 999 3643 Africa
1036 3593 1396 3660 Hispaniaque

330 3666 641 3717 Hannibalis
664 3668 921 3732 turrium,’
940 3673 1044 3721 διε.
1102 3692 1107 3699 ·

392 3748 416 3773 ⁰
446 3741 587 3791 mim·
607 3743 816 3807 quidem]
839 3743 1115 3810 Hodieque
1136 3760 1261 3796 rura
1281 3760 1396 3796 nos·

335 3825 413 3867 tra
436 3818 666 3881 parietes
692 3820 943 3882 cratibus,
974 3823 1087 3871 luto
1121 3822 1318 3885 oblitis,
1339 3829 1396 3873 et

333 3895 516 3958 argilla
560 3895 760 3958 pingui,
803 3909 833 3944 e
868 3901 978 3960 'qua
1019 3897 1210 3947 lateres
1243 3896 1396 3962 fiunt,

335 3976 626 4021 exstruunt.

397 4054 424 4088 Ρ
460 4049 527 4096 Et
568 4047 799 4099 lateribus
825 4049 1012 4113 crudis]
1043 4051 1117 4101 Ut
1162 4051 1295 4113 ignis
1338 4057 1396 4102 et

334 4121 598 4173 fornacum
618 4124 862 4187 impeusae
881 4133 1156 4188 parcatur:
1181 4134 1239 4177 ut
1259 4127 1397 4177 inter

340 4212 395 4247 se
433 4200 614 4249 melius
656 4208 1091 4263 coagmententur
1133 4204 1296 4257 crudi,
1340 4209 1397 4254 et

340 4273 455 4325 ideo
491 4276 751 4326 molliores
788 4277 1007 4328 lateres:
1047 4284 1104 4329 ut
1142 4287 1395 4330 caemento

1463 1914 1650 1980 exiguo
1666 1915 1733 1966 sit
1754 1930 1912 1981 opus:
1938 1925 1996 1966 ut
2015 1916 2257 1967 breviore
2275 1920 2529 1982 temporis

1463 1991 1636 2053 spatio
1661 2007 1834 2044 murus
1859 1992 2181 2057 perficiatur.
2248 1994 2339 2045 Ita
2364 1995 2527 2045 Dale·

1464 2070 1716 2131 campius.

1529 2152 1554 2179 ⁸
1583 2145 1785 2196 Later-cs
1813 2161 1907 2195 noa
1936 2147 2075 2210 sunt]
2110 2146 2246 2197 Haec
2279 2148 2529 2212 explana·

1466 2221 1572 2270 tius
1612 2221 1770 2284 paulo
1803 2223 2072 2272 Vitruvius
2105 2237 2170 2272 n.
2210 2227 2259 2272 3.
2294 2237 2345 2285 p.
2380 2226 2463 2273 21.
2497 2239 2530 2271 a

1466 2309 1571 2360 quo
1603 2297 1805 2348 Plinius
1844 2304 2112 2348 mutuatus
2146 2306 2262 2349 est:
2297 2301 2314 2328 ‘
2340 2298 2537 2363 Itaque’

1464 2373 1687 2436 primum
1729 2372 1795 2423 de
1833 2373 2100 2432 lateribus,
2140 2390 2243 2440 qna
2278 2375 2347 2426 de
2391 2382 2531 2427 terra

1385 2465 1392 2474 ·
1466 2449 1589 2499 duci
1611 2464 1701 2500 eos
1723 2457 1982 2513 oporteat,
2000 2449 2188 2500 dicam.
2246 2452 2366 2502 Non
2390 2451 2532 2501 enim

1467 2524 1534 2574 de
1577 2539 1813 2582 arenoso,
1846 2539 2017 2589 neque
2052 2526 2334 2590 calculoso,
2360 2541 2531 2591 neque

1468 2601 1707 2655 sabuloso
1731 2602 1842 2653 luto
1867 2609 1988 2651 sunt
2009 2602 2269 2654 ducendi:
2300 2604 2437 2667 quod
2462 2619 2531 2653 ex

1465 2678 1546 2727 his
1585 2677 1859 2741 generibus
1901 2691 2017 2727 cum
2060 2685 2183 2727 sunt
2221 2679 2390 2743 ducti,
2426 2682 2532 2743 pri-

1465 2768 1606 2804 mum
1642 2751 1775 2803 fiunt
1816 2767 2031 2818 graves3
2064 2752 2274 2813 deinde,
2306 2769 2423 2805 cum
2464 2756 2533 2805 ab

1466 2829 1712 2878 imbribus
1737 2836 2102 2893 asperguntur,
2135 2830 2453 2887 dilabuntur,
2478 2837 2535 2880 et

1467 2904 1857 2964 dissolvuntur-3
1891 2906 2181 2969 palemque,
2213 2920 2330 2971 quae
2363 2906 2533 2955 in'his

1467 2988 1750 3044 ponuntur,
1784 2994 1886 3031 non
1921 2982 2276 3032 cobaerescunt
2313 2990 2534 3046 propter

1468 3056 1825 3120 asperitatem.
1913 3056 2161 3106 Faciendi
2200 3064 2375 3107 autem
2411 3064 2534 3106 sunt

1469 3147 1536 3181 ex
1561 3140 1704 3184 terra
1727 3133 1918 3195 albida,
1951 3142 2172 3191 cretosa,
2204 3135 2314 3183 sive
2344 3133 2410 3183 de
2448 3149 2536 3181 ru-

1469 3208 1634 3273 brica,
1670 3215 1761 3258 ant
1798 3208 1957 3258 etiam
1993 3211 2221 3258 masculo
2252 3210 2536 3272 sabulone‚'

1468 3286 1569 3334 ὅτε.
1623 3284 1888 3346 Sabutum,
1911 3285 1995 3333 vel
2019 3283 2319 3335 sabulonem
2347 3294 2537 3335 vocant

1469 3372 1698 3422 arenam,
1720 3373 1822 3409 non
1846 3359 2056 3424 quidem
2093 3360 2406 3421 tenuiorem,
2442 3361 2537 3409 mi-

1470 3436 1850 3501 nutioremque,
1892 3443 1950 3485 ut
1993 3436 2045 3485 in
2090 3436 2356 3486 Thesauro
2396 3437 2542 3486 Rob.⁴

1467 3512 1720 3577 Stephani
1760 3513 2031 3576 scribitur,
2068 3513 2162 3562 sed
2206 3514 2534 3572 crassiorem,

1469 3590 1843 3654 vilioremque:
1880 3590 2018 3654 quod
2042 3597 2187 3638 recte
2208 3589 2367 3638 docet
2386 3588 2536 3651 Agri·

1471 3667 1587 3716 eola
1609 3666 1697 3716 lib.
1716 3680 1818 3716 vu.
1834 3665 1901 3715 de
1920 3666 2125 3715 Natura
2144 3665 2330 3725 Fossil.
2354 3681 2404 3728 p.
2419 3669 2534 3715 321.

1471 3743 1496 3779 ‘-
1513 3743 1759 3793 Sabutum
1784 3743 2007 3792 crassius
2041 3749 2126 3790 est
2160 3756 2315 3806 quam
2340 3757 2498 3791 arena
2516 3758 2534 3793 t

1472 3819 1614 3885 quod
1644 3819 1724 3867 vel
1748 3820 1933 3867 durum
1957 3823 2059 3879 est,
2083 3817 2369 3867 vel'molle:
2408 3818 2538 3867 illud

1477 3910 1691 3951 marem,
1746 3896 1845 3946 hoc
1914 3892 2175 3942 foeminam
2247 3894 2535 3958 appellant.

1478 3971 1769 4021 Masculum
1826 3969 2001 4019 utilius
2056 3969 2351 4019 sternendis
2409 3969 2543 4034 viis,’

1476 4049 1580 4097 διο.

1540 4123 1564 4158 b
1599 4125 1764 4187 Neque
1783 4121 2003 4185 arenoso]
2036 4123 2122 4172 De
2144 4137 2312 4174 arenae
2335 4124 2542 4189 generi-

1478 4202 1571 4252 bus
1597 4202 1802 4253 dicetur
1827 4214 2031 4251 xxxvi.
2048 4207 2128 4250 55.
