3000 4917
2302 360 2477 426 4479

274 517 422 582 hoc'
438 516 650 582 modo
675 515 737 576 τ’
776 521 1004 579 massa
1030 515 1383 599 proflatur‘
1410 517 1746 600 inprimis:
1795 537 1959 582 mox
1988 517 2058 581 in
2088 518 2477 601 proflatum⁶

276 618 558 683 additur·
576 618 773 681 tertia
802 616 1016 698 portio
1046 615 1199 699 aeris
1244 618 1655 695 collectanei,
1694 616 1827 681 hoc
1873 624 2000 695 est,
2047 637 2133 682 ex
2181 639 2312 683 usu
2340 639 2477 684 ·co-

276 717 466 783 emti.
556 718 906 782 Peculiare
934 717 1004 780 in
1034 736 1118 781 eo
1149 717 1645 785 condimentum
1677 718 1907 784 attritu
1931 718 2189 797 domiti,
2216 728 2289 784 et
2316 741 2476 786 con-

274 820 636 884 suetudine
665 819 903 882 nitoris
924 817 1132 883 veluti
1154 817 1675 884 mansuefacti.⁴.
1712 818 2080 884 Miscentur
2097 816 2114 854 ἰ
2134 829 2203 887 et
2222 820 2479 904 plumbi

276 920 649 1003 argentarii
698 918 925 1003 pondo
974 918 1284 983 duodena
1340 938 1422 983 ac
1474 919 1791 996 selibrae‚⁷
1837 921 2142 985 centenis
2192 923 2480 1004 proflati.

275 1021 692 1105 Appellatur
722 1020 1077 1084 etiamnum
1107 1024 1179 1083 et
1205 1015 1542 1084 formalisj
1589 1025 2039 1103 temperatura
2078 1022 2231 1086 aeris
2269 1029 2479 1088 tener-

273 1123 456 1201 rimi,
508 1121 822 1206 quoniam
876 1119 1045 1201 nigri
1066 1115 1091 1154 ⁸
1152 1120 1409 1203 plumbi
1465 1120 1727 1187 decima
1785 1122 2001 1205 portio
2062 1122 2350 1202 additur,
2409 1134 2482 1189 et

275 1222 639 1305 argentarii
652 1230 681 1272 ⁹
726 1221 1051 1285 vicesima
1074 1239 1096 1281 ε
1135 1221 1559 1305 maximeque
1596 1224 1696 1286 ita
1737 1223 2027 1287 colorem
2052 1222 2249 1302 bibit,
2277 1244 2481 1307 quem

239 1362 244 1369 -
273 1324 758 1390 Graecanicum
788 1329 1056 1387 vocant.
1145 1322 1544 1387 Novissima
1572 1330 1699 1401 est,
1725 1341 1883 1406 quse
1913 1331 2195 1388 vocatur
2223 1324 2479 1402 ollaria,

276 1444 450 1490 vase
498 1443 741 1489 nomen
785 1423 916 1488 hoc
967 1423 1189 1501 dante,
1231 1423 1434 1488 ternis
1479 1431 1600 1488 aut
1631 1424 1977 1507 quaternis
2005 1423 2195 1489 libris
2224 1425 2482 1509 plumbi

279 1526 641 1610 argentarii
696 1526 765 1590 in
823 1534 1138 1589 centenas
1194 1525 1349 1590 aeris
1403 1524 1675 1590 additis.
1766 1523 2022 1609 Cyprio
2080 1527 2141 1590 si
2200 1526 2483 1592 addatur

278 1628 659 1711 plumbum,
689 1626 877 1691 colos
906 1645 1219 1709 purpurae
1254 1625 1326 1689 tit
1353 1626 1421 1689 in
1448 1632 1821 1691 statuarum
1852 1628 2227 1709 praetextis.

371 1744 560 1793 xxl.
602 1727 774 1791 AEra
820 1723 1134 1791 extersak
1177 1727 1548 1808 rubiginem
1600 1726 1885 1793 celerius
1939 1728 2231 1804 trahunt,
2279 1749 2482 1812 quam

275 1830 617 1908 neglecta,
663 1829 801 1893 nisi
857 1828 1005 1892 oleo
1062 1833 1530 1911 perungantur.
1619 1827 1887 1893 Servari
1946 1825 2063 1892 ea¹
2109 1830 2356 1913 optime
2416 1833 2484 1895 in

280 1933 548 2016 liquida
591 1931 746 2014 pice
793 1929 1080 1995 tradunt.
1168 1927 1355 1993 Usus
1399 1930 1551 1993 aeris
1583 1927 1667 1992 ad
1698 1930 2207 2012 perpetuitatem
2257 1950 2485 1997 monu-

281 2040 654 2099 mentorum
701 2031 842 2114 jam
901 2031 1166 2113 pridem·
1207 2030 1578 2095 translatus
1628 2035 1753 2108 est,
1804 2030 2051 2096 tabulis
2108 2031 2371 2112 aereis,¹¹²
2408 2035 2486 2098 in

281 2135 535 2220 quibus
568 2132 864 2216 publicae
895 2131 1402 2197 constitutiones
1426 2130 1823 2196 inciduntur.

820 370 1243 423 Νενικᾙιετ.
1294 372 1437 422 nm.
1486 371 1779 422 xxxw.
1820 357 1931 423 21.

227 2356 230 2361 .
339 2310 368 2344 θ
393 2312 478 2361 Aa
496 2315 689 2361 natm
709 2309 979 2371 faciendas,
999 2315 1049 2359 et
1068 2310 1130 2361 ad
1150 2311 1384 2360 ducendas
1405 2310 1590 2364 tabum
1610 2323 1778 2366 eneas,
1800 2310 1955 2360 altera
1974 2310 2075 2360 Ieoec
2095 2314 2355 2375 opportuna
2374 2308 2488 2358 «τῆς

282 2380 605 2437 {ommium
625 2379 715 2424 est.

346 2440 591 2488 ‘flando
614 2439 884 2489 resolvitur.

345 2501 374 2536 ⁴
407 2504 619 2569 Quaado
638 2517 702 2553 ex
721 2502 881 2553 crebro
904 2490 1079 2552 attritu
1099 2502 1329 2552 donzitam
1347 2506 1438 2563 est,
1458 2503 1505 2551 et
1528 2502 1760 2566 quendam
1776 2501 1923 2552 ueluti
1941 2501 2143 2552 nitorem
2165 2502 2340 2552 traxit.

1202 2627 1567 2651 0000000Μο

281 2726 463 2775 Delec.
486 2726 641 2792 quue
656 2731 860 2783 notasse,
880 2728 963 2789 ᾃσ.
966 2729 1064 2775 -6
1095 2726 1217 2775 Vet.
1239 2725 1422 2776 Doleo.
1442 2725 1495 2775 in
1511 2725 1782 2791 proflatam.
1784 2731 1881 2777 -7
1917 2725 2045 2776 eod.
2067 2725 2252 2776 Dalec.
2277 2733 2333 2774 et
2363 2725 2487 2777 Vet-

281 2790 817 2918 ἓίῗὲθῗέἑὲἔῖἒῗοέ
821 2789 1483 2915 «ι’ῑινῗᾰὲἒέἷῒᾶἷιῆἵῖἑ
1489 2791 1722 2904 ἓὲἱῗὲὲ.
1725 2790 1973 2841 “mm“
1993 2806 2098 2841 “²'‘
2116 2805 2268 2853 ”²⁸⁷¹
2271 2792 2369 2839 '⁹
2400 2789 2489 2839 “⁸

1277 2983 1493 3035 No'rAE

342 3083 357 3116 ¹
390 3079 695 3143 Miscentur]
737 3080 936 3149 Colossi
967 3084 1253 3144 equestres,
1284 3078 1352 3127 si-

282 3154 499 3207 milesve
523 3165 736 3219 statuae,
757 3170 862 3205 non
886 3171 951 3206 ex
972 3156 1083 3205 solo
1108 3169 1218 3204 oere
1230 3169 1352 3204 con·

280 3231 497 3290 flentur,
529 3233 623 3282 sed
664 3246 785 3296 pars
817 3231 994 3295 aliqua
1021 3229 1194 3280 stanni
1227 3230 1351 3279 Cor-

281 3307 556 3357 nubiensis
597 3307 928 3363 admiscetur,
953 3312 1010 3355 ut
1041 3303 1245 3354 facilins
1277 3318 1351 3353 a=s

283 3381 449 3431 fusum
497 3380 664 3432 fluatz
721 3389 847 3431 tunc
906 3375 1159 3443 appellari
1215 3381 1351 3430 solet

282 3457 495 3507 Bronze.
523 3484 528 3488 ·
560 3457 618 3506 Si
657 3471 774 3506 cum
811 3462 1022 3506 centnm
1057 3456 1205 3505 libris
1235 3457 1351 3504 eris

278 3534 601 3584 misceantur
618 3523 807 3595 'viginti
827 3530 1002 3595 pondo
1035 3531 1208 3580 stanni
1231 3545 1349 3594 pnr-

279 3609 553 3671 gatissimi,
597 3614 817 3657 vocatur
866 3607 1150 3669 metallum,
1193 3614 1250 3655 ut
1295 3606 1349 3656 in

279 3684 553 3747 campanis
586 3678 967 3747 tormentisque
999 3682 1268 3746 ignivomis
1290 3681 1350 3731 fl-

281 3759 355 3807 eri
377 3759 541 3808 solet.
575 3757 753 3806 Simile
775 3757 892 3807 buic
912 3755 1024 3806 t'ere
1047 3762 1147 3821 est,
1171 3757 1221 3805 in
1246 3771 1349 3821 quo

280 3834 553 3896 plumbum
578 3832 926 3896 argentarium
962 3832 1237 3882 admisceri
1270 3845 1351 3882 so·

279 3908 427 3961 litum
451 3907 661 3956 Plinius
683 3907 758 3956 ait
772 3908 869 3956 hoc
892 3909 1006 3957 loco
1027 3923 1041 3956 ε
1078 3907 1214 3972 quod
1236 3906 1352 3973 ipse

279 3983 485 4032 idcirco
507 3983 524 4010 ‘
550 3981 727 4031 album
751 3980 851 4031 aes'
875 3984 1106 4047 appellat
1132 3995 1246 4032 xvl.
1266 3986 1349 4033 22.

340 4057 358 4101 l
389 4057 659 4121 Formalis]
711 4055 797 4106 Ad
830 4055 1023 4107 formas
1061 4057 1347 4122 faciendas,

273 4132 548 4196 poursaire
568 4135 653 4182 des
668 4134 859 4182 mles.

343 4207 370 4243 Β
400 4209 530 4259 AEra
546 4205 759 4270 mersa]
790 4208 1029 4259 Totidem
1059 4208 1230 4259 verbis
1251 4207 1347 4259 Isi-

1430 3078 1588 3129 dorus
1604 3089 1726 3127 xvr.
1750 3080 1830 3126 19.

1495 3151 1511 3185 ¹
1543 3151 1743 3202 Servari
1763 3150 1842 3214 ea]
1876 3149 2109 3200 Isidorus
2130 3151 2248 3201 loco
2269 3151 2360 3202 cit.

1494 3235 1533 3262 ¹¹¹
1570 3227 1762 3277 Tabulis
1780 3228 1943 3292 ereis]
1979 3227 2186 3276 Priscos
2202 3226 2318 3277 illos
2341 3227 2494 3277 Grae-

1430 3316 1520 3351 cos
1558 3316 1620 3350 ac
1655 3302 1889 3364 Latinos,
1923 3302 2085 3366 leges,
2119 3300 2335 3366 finden-a,
2370 3303 2494 3352 alia-

1432 3391 1533 3441 que
1571 3379 1625 3426 in
1662 3379 1775 3426 aeris
1799 3378 1986 3427 tabulis
2015 3378 2496 3441 insculpsisse,-tra-

1432 3454 1652 3503 latitium
1696 3460 1796 3503 est.
1853 3453 2029 3503 Livius
2061 3466 2149 3502 m.
2172 3457 2254 3502 6⁷.
2285 3454 2303 3480 ‘
2328 3453 2492 3515 Leges

1430 3529 1845 3592 Damnavit-ales,
1886 3528 2072 3593 quibus
2120 3541 2224 3578 κη.
2278 3526 2492 3574 Tabulis

1430 3614 1514 3655 est
1546 3620 1730 3655 nomen
1766 3598 2003 3666 inditum,
2024 3604 2075 3652 in
2115 3618 2187 3652 aes
2209 3604 2416 3663 incisas,
2435 3603 2490 3650 in

1431 3680 1639 3745 publico
1664 3677 2076 3743 proposuerunt!
2122 3678 2334 3727 Servius
2354 3676 2406 3724 iu
2432 3677 2493 3724 il-

1429 3757 1520 3805 lud
1542 3756 1794 3819 Maronis,
1816 3754 2016 3805 AEneid.
2034 3766 2111 3802 vr.
2144 3754 2161 3781 ‘
2181 3752 2325 3802 Fixit
2347 3752 2489 3814 leges

1431 3832 1619 3895 pretio,
1655 3840 1813 3895 atque
1845 3828 2068 3879 refixit?
2104 3834 2120 3857 ⁸
2142 3828 2284 3878 Fixit
2316 3835 2490 3877 autem

1431 3906 1590 3970 ideo‚'
1624 3907 1808 3970 inquit,
1844 3907 1861 3936 ⁴
1889 3905 2008 3968 qnia
2045 3903 2218 3953 incisa
2254 3904 2307 3953 in
2342 3905 2491 3955 ενι-εἰσ

1411 3981 1624 4052 ⁸tabulis
1645 3983 1788 4048 leges
1811 3978 2155 4042 affigebantur
2167 3977 2490 4042 parietibus?

1429 4056 1616 4106 Cicero
1639 4056 1832 4120 Philip.
1853 4068 1937 4104 m.
1958 4057 2040 4103 36.
2073 4056 2090 4083 ‘
2114 4053 2371 4104 Antonius
2391 4052 2489 4103 fal-

1429 4145 1514 4181 sas
1535 4133 1680 4196 leges
1702 4131 1755 4180 in
1779 4143 1851 4178 aes
1873 4127 2172 4178 incidendas
2209 4134 2266 4178 et
2297 4129 2351 4177 in
2388 4129 2487 4178 Ca·

1431 4208 1612 4273 pitolio
1635 4205 1868 4272 figendas
1891 4204 2127 4255 curavit!
2175 4204 2316 4255 Hinc
2337 4210 2393 4254 et
2415 4203 2489 4252 le-
