3000 4917
508 358 686 426 4822
1261 369 1332 420 o.
1373 367 1618 417 emim
1665 367 2003 419 sacuam

512 517 1051 586 efficacissimus.
1142 516 1312 583 Post
1352 515 1533 581 hunc
1570 514 1716 580 est‘
1755 513 2074 580 siderites
2100 511 2294 579 ferrei
2323 511 2727 597 splendoris,

509 620 807 708 pondere
851 625 1002 685 ante
1045 623 1326 695 ceteroS,
1354 617 1474 682 sed
1522 623 1754 682 natura
1797 615 2167 683 dissi-milis.
2259 614 2447 683 Nam
2476 622 2552 682 et
2576 616 2725 683 icti·

507 726 689 789 hus¹¹
717 722 1062 805 frangitur,
1094 725 1163 784 et
1193 718 1332 784 alio
1362 718 1726 785 adamante
1758 717 2083 802 perforari
2114 724 2378 802 potest:
2426 718 2615 801 quod
2661 725 2729 784 et

508 827 766 912 Cyprio
795 825 1021 890 evenit
1040 831 1098 887 :⁹
1141 822 1586 906 breviterque,
1617 828 1694 886 ut
1724 821 2105 903 degeneres,
2136 822 2427 885 nominis
2461 827 2724 887 tantum

508 928 976 994 anctoritatem
1023 925 1294 990 habent.
1383 924 1682 1007 quue,¹⁰
1727 923 1908 1007 quod
1939 923 2098 988 totis
2125 923 2589 989 voluminibus
2617 921 2724 991 his

508 1030 753 1095 docere
798 1036 871 1093 et
897 1026 1216 1093 mandare
1245 1025 1474 1090 conati
1513 1045 1771 1102 sumus,
1799 1025 1883 1090 de
1914 1024 2263 1091 discordia
2291 1044 2512 1091 rerum
2562 1044 2724 1091 con·

500 1132 899 1215 cordiaque,
929 1149 1132 1215 quam
1176 1127 1618 1212 antipathiam
1664 1148 1748 1194 ac
1796 1128 2246 1213 sympathiam
2287 1128 2720 1212 appellavere

505 1233 765 1309 Graeci‚
809 1253 946 1298 non
995 1233 1188 1297 aliter
1233 1231 1482 1297 clarius
1531 1230 1815 1314 intelligi
1866 1238 2115 1314 potest.
2204 1232 2566 1315 Siquidem
2605 1229 2723 1297 illa

508 1340 788 1405 invicta'
827 1338 932 1401 vis
968 1337 1246 1401 duarum
1281 1336 1913 1401 violentissimarum
1932 1341 1979 1374 ¹¹
2004 1341 2260 1401 naturae
2292 1355 2539 1413 rerum,
2567 1334 2721 1400 ferri

501 1440 808 1524 ignisque
848 1438 1270 1514 contemtrix,
1316 1436 1574 1501 hircino
1617 1436 1948 1520 rumpitur
1991 1438 2380 1519 sanguine,w
2424 1456 2650 1521 neque
2669 1443 2718 1477 ¹⁸

506 1542 699 1607 aliter
725 1560 928 1624 quam
960 1540 1208 1604 recenti
1238 1537 1599 1621 calidoque
1630 1544 1994 1614 macerata,
2017 1547 2090 1602 et
2119 1539 2221 1604 sic
2253 1560 2531 1624 quoque
2559 1539 2721 1604 mul·

505 1644 598 1711 tis
627 1644 909 1711 ictibus:
958 1650 1116 1706 tunc
1144 1641 1371 1718 etiam,
1400 1652 1852 1726 praeterquam
1901 1641 2212 1721 e'ximiaS,
2242 1642 2527 1707 incudes
2558 1643 2721 1707 mal-

501 1746 783 1830 leosque
828 1745 1213 1827 frangens.¹³
1305 1742 1523 1826 Cujus
1564 1744 1694 1808 hoc
1741 1743 2007 1825 ingenio
2044 1745 2450 1809 inventnm‘l
2498 1763 2720 1828 quove

501 1865 669 1912 casu
718 1847 1104 1930 repertum‘l
1152 1850 1273 1911 aut
1319 1865 1476 1930 quae
1526 1845 1657 1909 fuit
1699 1845 2095 1929 conjectura
2139 1846 2540 1931 experiendi
2587 1867 2717 1915 rem

502 1949 806 2013 immensi
847 1948 1112 2022 secreti,
1157 1955 1224 2013 et
1266 1948 1338 2011 in
1382 1947 1763 2012 foedissimo
1808 1946 2247 2012 animalium?
2340 1950 2409 2015 N
2412 1950 2718 2017 uminum

499 2052 805 2135 profecto
834 2052 1127 2115 muneris
1157 2050 1318 2115 talis
1346 2050 1648 2114 inventio
1671 2050 1892 2114 omnis
1922 2057 2105 2116 esta*
2178 2050 2331 2116 Nec
2359 2053 2716 2135 quaerenda

497 2156 566 2220 iu
614 2153 757 2217 ulla
798 2158 988 2237 parte
1020 2159 1282 2217 naturae
1310 2153 1503 2231 ratio,
1535 2152 1659 2216 sed
1690 2153 2026 2218 voluntas.
2118 2152 2209 2217 Et
2237 2173 2393 2219 cum
2424 2154 2718 2219 feliciter

496 2246 807 2343 rumpere
859 2255 1161 2339 contigit,
1214 2255 1286 2323 in
1338 2261 1479 2318 tam
1532 2273 1782 2339 parvas
1831 2254 2157 2338 frangitur
2179 2262 2229 2303 ¹⁵
2288 2264 2589 2337 crustas,
2642 2263 2714 2322 ut

502 2357 686 2424 cerni
736 2358 856 2423 vix
901 2357 1188 2440 possint.
1278 2356 1756 2439 Expetuntur-¹
1801 2375 1844 2420 a
1888 2355 2362 2440 scalptoribus,
2400 2357 2712 2443 ferroque

1725 2552 1786 2574 ‘O

497 2687 730 2738 dicuntae
750 2690 811 2738 de
830 2703 924 2752 quo
943 2687 1271 2756 ‹ticenae-‚s
1304 2687 1434 2738 Cod.
1456 2688 1642 2738 Dalec.
1677 2688 1761 2753 qui
1781 2704 1809 2738 e
1834 2689 1993 2752 Cypro
2014 2686 2298 2737 venile-10
2319 2689 2382 2738 Id
2404 2693 2571 2741 culm
2592 2689 2710 2743 Vet-

500 2753 690 2801 Dalec.
725 2753 786 2800 Id
817 2768 994 2815 quoque
1017 2756 1083 2802 al.
1109 2757 1371 2802 vett.-ll
1408 2753 1494 2803 Ita
1514 2753 1667 2803 codd.
1691 2754 1950 2804 Harduini
1973 2759 2028 2803 et
2052 2753 2241 2805 Dalec.
2279 2768 2394 2802 cum
2431 2754 2557 2805 edd.
2579 2755 2708 2804 Har·

499 2814 646 2864 duin.
670 2820 717 2869 l.
742 2820 792 2865 2.
817 2822 865 2865 3.
889 2825 946 2866 et
969 2825 1196 2867 recentt.
1246 2817 1603 2868 violentissime
1625 2818 1862 2869 Gronov.
1884 2825 1939 2868 et
1964 2819 2274 2880 mmm—12
2289 2818 2375 2867 Ita
2397 2819 2557 2869 codd.
2580 2820 2711 2871 Har·

497 2878 641 2929 duini
665 2886 720 2929 et
745 2882 929 2933 Dalec.
954 2896 1073 2931 cum
1094 2881 1216 2931 edd.
1240 2881 1506 2933 Harduin.
1529 2887 1580 2932 1.
1602 2888 1653 2932 2.
1676 2887 1726 2932 ⁸.
1750 2890 1804 2933 et
1829 2889 2048 2932 recenti.
2091 2897 2178 2932 nec
2200 2882 2431 2932 Gronov.
2461 2891 2517 2934 et
2542 2886 2707 2950 vnlgg.

496 2960 553 2993 ac
589 2960 674 2995 nec
711 2946 836 2994 Vet.
881 2946 1197 2996 Belem—13
1233 2946 1467 2996 Gronov.
1509 2954 1566 2996 et
1606 2949 1783 3012 vulgg.
1815 2949 2092 3009 malleosque
2110 2947 2299 3007 ser-reos
2316 2946 2595 3010 frangerem
2623 2951 2709 2999 sed

497 3008 627 3058 illud
648 3007 838 3071 ferreos
858 3011 1010 3061 deest
1031 3011 1085 3060 in
1110 3012 1395 3061 codd—14
1431 3012 1600 3062 Codd.
1620 3013 1805 3061 Delec.
1839 3012 2118 3061 animalium
2135 3012 2377 3062 omnium?
2444 3014 2707 3064 Neminem

487 3075 702 3136 prefecto
720 3076 834 3125 talis
853 3077 1061 3127 inustio
1081 3080 1303 3127 est—16
1327 3076 1459 3129 cod.
1482 3076 1665 3128 Dslec.
1698 3077 1907 3140 contigit
1926 3077 1980 3126 iii
2000 3082 2100 3127 tom
2116 3092 2168 3140 p.
2189 3075 2497 3140 frangantur
2508 3095 2533 3138 ,-
2576 3080 2703 3131 Gro-

1494 3271 1710 3324 NOTAE

492 3398 499 3404 ’
559 3416 578 3449 ῑ
608 3416 731 3467 Post
750 3416 872 3466 lianc
888 3416 985 3480 est]
1015 3416 1282 3482 Σιδηρίτης,
1303 3431 1402 3468 non
1422 3418 1560 3483 quod
1640 3418 1799 3485 ‘endi
1822 3420 1922 3469 vim
1959 3420 2211 3471 hircinum
2253 3423 2563 3486 sanguinem
2600 3424 2705 3476 adi·

494 3492 550 3547 in
573 3490 807 3543 ferrariis
831 3493 1049 3543 metallis
1075 3496 1360 3558 invenitur,
1384 3502 1440 3544 nt
1464 3494 1561 3544 So·
1640 3498 1800 3561 pisci:
1841 3497 1972 3548 adeo
1994 3506 2050 3547 ut
2077 3506 2197 3549 ruta
2222 3501 2450 3549 mutaris
2471 3502 2584 3551 sola
2605 3502 2710 3552 hir,

491 3571 625 3623 linus
649 3569 938 3627 somniavit,
961 3585 1007 3620 c.
1027 3574 1110 3621 52.
1133 3585 1188 3636 p.
1214 3575 1298 3621 82.
1312 3570 1403 3621 sed
1422 3572 1557 3636 quod
1640 3589 1703 3625 co
1745 3575 1996 3636 enutrito,
2043 3591 2137 3640 per
2187 3576 2297 3626 dies
2342 3566 2706 3644 quadraginta.

494 3654 578 3701 est
601 3647 689 3697 ille
708 3645 865 3696 ferrei
888 3646 1094 3697 coloris.
1640 3652 2002 3717 prohibitoque
2043 3652 2111 3702 ab
2147 3651 2284 3701 omni
2325 3662 2472 3714 potu,
2508 3655 2612 3705 nisi
2647 3662 2706 3707 ut

557 3731 582 3757 ¹¹
617 3722 748 3775 Nam
788 3725 837 3772 et
878 3722 1080 3787 ictibus]
1114 3721 1357 3774 Totidem
1388 3723 1561 3775 verbis
1638 3724 1734 3775 sub
1760 3733 1965 3777 noctem
1985 3727 2208 3790 pluviam
2226 3727 2560 3779 decidentem
2585 3731 2706 3781 lam-

491 3799 604 3848 haec
626 3798 834 3847 Solinus
858 3798 960 3847 loc.
985 3798 1076 3847 cit.
1638 3799 1810 3862 beret,
1855 3801 2122 3851 interfecti
2172 3803 2472 3865 sanguinem
2517 3806 2704 3857 leniter

556 3881 582 3905 V
614 3872 856 3936 Siquidem
885 3873 972 3923 illa
1004 3873 1209 3941 invicta]
1259 3872 1392 3924 Haec
1427 3873 1557 3923 Soli·
1639 3877 1983 3942 exsiccatum,
2054 3878 2434 3928 comminuendi
2517 3881 2704 3932 calculi

493 3964 591 4001 nus
625 3950 688 3998 ad
714 3950 946 4013 verbum,
968 3950 1071 4001 loc.
1102 3951 1194 4000 cit.
1231 3957 1286 4002 et
1322 3949 1556 4001 Isidorus
1638 3966 1813 4009 causa.
1833 3954 1983 4016 aegris
2002 3954 2335 4017 propinatum
2356 3968 2494 4019 esse,
2517 3954 2702 4011 felicis·

497 4026 647 4089 Orig.
671 4037 796 4074 xvi.
815 4029 895 4075 13.
1638 4027 1769 4078 simo
1791 4036 2000 4078 eventu.

486 4152 493 4159 ,
542 4109 577 4135 '¹
594 4101 801 4167 Hircino
814 4103 1052 4169 rumpitur
1071 4104 1327 4172 sanguin]
1347 4104 1560 4168 Negant
1703 4111 1731 4137 ¹
1784 4103 2113 4173 Expetuntur]
2178 4104 2384 4155 Solinus
2454 4106 2556 4161 loc.
2607 4108 2698 4161 cit.

496 4181 597 4230 hoc
632 4194 748 4229 esse
782 4194 957 4230 verum
995 4174 1313 4232 recentiores
1337 4183 1559 4247 physici,
1638 4186 1654 4209 ⁶
1672 4180 1987 4245 Fragmenta
2012 4180 2360 4245 scalptoribus
2383 4180 2434 4235 in
2453 4198 2600 4234 usum
2621 4184 2696 4233 in-

494 4255 593 4306 nisi
614 4255 786 4305 hircus
805 4262 954 4305 antea
980 4259 1296 4320 petroselino
1318 4273 1381 4307 ac
1400 4260 1556 4308 silere
1636 4257 1917 4321 signiendae
1934 4252 2304 4321 cujuscumque
2318 4257 2460 4308 modi
2482 4272 2697 4324 gemma

493 4337 740 4384 montano
765 4337 946 4397 pastus
975 4331 1075 4385 iit:
1110 4331 1190 4383 his
1213 4332 1392 4386 herbis
1410 4333 1555 4386 fran-
1635 4331 1993 4401 expetuntur?
2056 4333 2292 4387 Isidorus
2323 4334 2475 4401 orig.
2498 4346 2621 4389 ιη.
2641 4339 2691 4387 8.
