3000 4917
739 372 801 418 c.
852 372 1096 424 PmNu
1146 369 1479 426 sacuam
1533 374 1677 420 ms.
1727 375 1809 421 11.
1855 356 1984 444 (7.)

2285 359 2456 425 4961

260 512 358 561 τοῦ
373 509 588 569 κοίλουῆ
613 512 702 569 τῆς
732 511 1026 571 κοιλότητος.
1094 514 1247 563 Unde
1269 519 1326 563 et
1395 514 1636 577 perhiheto
1656 516 1844 565 Jovem.
1880 517 2061 566 Dalec.
2146 491 2151 496 .
2226 561 2233 568 .

263 590 429 649 prisci
468 590 616 637 Rom.
645 591 831 646 Coilam
866 591 1153 653 scripsere:
1191 590 1325 653 quod

264 668 508 729 religiose
532 667 772 715 observat
809 668 860 715 iu
893 681 984 716 sno
1016 667 1181 715 Ennio
1204 667 1327 717 doc·

267 743 383 791 tiss.
406 742 629 798 Merula.
686 743 772 791 De
796 742 1019 790 auctoris
1043 750 1211 791 tamen
1236 743 1325 791 de-

268 817 526 865 rivatione
547 818 790 870 nonnihil
813 826 866 866 et
897 819 1063 868 Varro
1086 819 1152 868 de
1176 819 1326 882 Ling.

250 884 392 958 *Lan
418 892 507 940 lib.
528 906 604 940 lv.
639 894 788 942 Idem.

336 968 463 1019 Setis
493 970 679 1033 cursus]
716 971 993 1033 Exemplar
1021 972 1189 1022 Tolet.
1225 985 1329 1019 nou

270 1060 437 1093 cursus
466 1046 615 1108 legit,
640 1046 730 1094 sed
759 1048 935 1105 cursui,
965 1048 1159 1096 rectius
1184 1053 1327 1111 puto.

273 1122 415 1172 Pint.

373 1198 510 1246 CAP.
535 1213 590 1247 v.
656 1199 734 1247 De
762 1205 962 1260 quatuor
978 1199 1235 1249 elementis.

343 1275 426 1323 De
447 1269 711 1336 elementis]
745 1276 829 1323 De
860 1276 1226 1325 elementorum
1251 1289 1331 1323 ra·

276 1349 559 1410 tione-vide
590 1350 925 1399 Aristotelem
959 1350 1028 1399 de
1059 1350 1333 1400 Generati-

279 1441 383 1475 one
403 1434 458 1475 et
477 1428 843 1488 Corrumtione,
865 1428 953 1477 lib.
976 1441 1039 1477 u.
1064 1435 1119 1476 et
1134 1428 1199 1476 de
1219 1428 1333 1475 Coe-

275 1502 330 1549 lo
356 1516 432 1550 tv,
455 1508 504 1550 5.
523 1510 575 1551 et
596 1503 658 1551 P.
677 1504 932 1552 Merulam
952 1518 1108 1566 super
1130 1505 1261 1552 Eun.
1279 1519 1331 1566 p.

279 1580 392 1626 119.
410 1584 465 1626 et
479 1592 624 1641 seqq.
643 1586 696 1626 et
715 1578 838 1627 Sex.
859 1579 1059 1641 Erupit.
1078 1579 1335 1641 Pyrrhon.

279 1654 484 1716 Hypot.
508 1666 593 1701 ιιι.
617 1656 664 1700 4.
688 1654 953 1702 Censorio.
986 1653 1051 1703 de
1085 1653 1184 1701 Die
1200 1654 1337 1704 Nat.

279 1743 396 1791 cap.
420 1733 468 1777 3.
492 1729 688 1776 Muret.
724 1730 849 1777 Var.
882 1743 983 1778 vn.
1022 1733 1098 1778 17.
1135 1731 1336 1779 Nomen

283 1820 315 1853 a
341 1800 566 1853 Platone
605 1805 869 1854 inventum
901 1813 1076 1855 monet
1111 1807 1340 1869 simplic.

282 1895 437 1945 snper
459 1881 619 1944 Phys.
652 1882 825 1930 Dalec.

261 2013 267 2018 ,
351 1959 547 2019 Ignium
567 1959 821 2021 summum]
855 1959 1006 2009 Falso
1025 1958 1227 2007 Plinius
1249 1971 1340 2021 pu·

286 2041 369 2085 tat
408 2035 624 2084 eandem
666 2050 782 2085 esse
820 2036 1086 2085 materiam
1121 2036 1253 2098 ignis
1287 2042 1340 2082 et

285 2112 424 2175 eoeli,
487 2112 776 2174 Epicureos
837 2118 1061 2170 secutus.
1149 2112 1343 2171 Ignium

283 2189 537 2250 summum]
586 2189 701 2238 Imo
726 2204 847 2237 vero
877 2196 1017 2239 astra
1049 2195 1246 2238 tantum
1268 2189 1342 2251 ig·

287 2279 390 2314 nea
413 2271 661 2327 putarunt
695 2266 957 2328 Epicurei.
1004 2265 1157 2314 Lucr.
1182 2266 1265 2312 lib.
1293 2279 1341 2313 v.

287 2340 304 2365 ‘
331 2341 438 2389 Per
478 2354 593 2389 rara
625 2338 876 2388 foramina
909 2346 1061 2389 terras
1096 2339 1342 2388 Partibus

287 2429 568 2477 erumpens
611 2414 805 2479 primns
840 2430 895 2464 se
937 2415 1143 2464 sustulit
1183 2415 1345 2463 aether

289 2490 537 2554 Signifer,
551 2498 604 2541 et
625 2491 813 2540 multos
835 2505 1007 2539 secum
1026 2491 1152 2539 levis
1171 2490 1345 2540 abstu-

265 2566 353 2624 ‘lit
388 2563 574 2627 ignes.'
638 2564 709 2613 Et
746 2566 901 2627 paulo
943 2572 1061 2626 post
1102 2565 1344 2613 aetherem

289 2639 623 2702 cognominat
645 2638 933 2701 igniferum.
968 2641 1240 2689 Platonem
1259 2656 1345 2690 au-

291 2724 397 2765 tem
424 2716 474 2763 iu
503 2715 809 2778 Epiuomide
836 2716 1130 2778 Timaeoqne
1164 2717 1346 2765 coelum

290 2793 467 2851 iguem
513 2790 708 2839 dixisse
750 2797 896 2839 notat
928 2792 1177 2864 Theopol.
1214 2791 1350 2842 Aca·

267 2865 432 2928 ‚dem.
456 2866 748 2927 contempl.
772 2879 896 2922 vm.
920 2870 965 2915 1.
996 2865 1131 2915 Vide
1150 2876 1204 2916 et
1225 2868 1346 2915 Plu-

294 2942 463 3002 tarch.
501 2942 569 2990 de
605 2942 756 2991 Plac.
782 2943 913 2992 Phil.
951 2956 1013 2990 ιι.
1048 2948 1127 2991 11.
1184 2945 1252 2992 Et
1277 2943 1341 2992 A·

297 3017 439 3067 chill.
474 3031 632 3079 super
667 3018 817 3068 Arat.
854 3033 969 3079 pag.
992 3011 1073 3067 8'4.
1108 3019 1158 3066 in
1183 3019 1269 3067 fin.
1296 3026 1350 3066 et

295 3093 520 3143 Hieron.
545 3094 685 3155 Mag.
704 3093 768 3142 de
793 3095 976 3143 Mundi
1002 3096 1186 3144 Exust.
1210 3109 1247 3143 1.
1273 3098 1351 3142 13.
1411 3133 1418 3144 .

296 3168 393 3217 ubi
434 3166 758 3230 Anaxagorae
794 3183 905 3217 eain
942 3171 1228 3231 opinionem
1262 3169 1351 3220 ad-

301 3244 516 3303 scribit;
568 3245 654 3306 qui
685 3258 797 3292 eam
838 3244 904 3293 ob
940 3259 1171 3293 caussam
1196 3245 1351 3295 aetha·

269 3377 276 3382 ·
301 3334 413 3368 rem
438 3319 563 3382 παρὰ
597 3320 682 3367 τοῦ
713 3320 858 3367 αἴθειν
890 3320 1083 3369 dictum
1118 3320 1354 3368 voluerit·

302 3396 385 3444 Ex
412 3394 631 3444 Aristot.
651 3396 874 3444 Meteor.
898 3410 937 3444 1.
959 3400 1008 3444 3.
1041 3395 1356 3454 Parmenidi,

303 3470 600 3530 Heraclito,
631 3470 882 3532 Stratoni,
919 3479 972 3517 et
1003 3470 1200 3518 Zenoni
1234 3482 1355 3524 vero

301 3544 456 3593 Stob.
484 3545 663 3606 Eclog.
687 3558 725 3592 1.
741 3549 823 3592 25.
848 3559 896 3605 p.
919 3548 998 3591 53.
1033 3544 1186 3592 Idem.

374 3619 506 3667 A'e'ra
534 3617 796 3681 appellant]
834 3618 987 3666 Hunc
1010 3617 1161 3680 αἰθέρα
1184 3617 1359 3666 Graeci

311 3700 520 3754 vocant.
549 3693 856 3754 Euripides:
882 3693 991 3755 ὁρᾷς
1019 3692 1104 3739 τὸν
1134 3692 1250 3754 ὕψου
1273 3691 1361 3741 τὸν

279 3828 286 3836 1
313 3772 357 3819 δ’
382 3770 571 3833 ἄπειρον
592 3768 764 3832 αἰθέρα,
797 3769 889 3817 Καὶ
916 3772 1009 3829 γῆν
1041 3768 1170 3832 πέριξ
1200 3767 1357 3830 ἔχονθ’

311 3852 487 3911 ὑγραῖς.
498 3850 548 3896 ἐν
565 3846 825 3909 &metimus-3
841 3848 1020 3902 Τοῦτ-,ον
1038 3846 1202 3910 νόμιζε
1220 3849 1361 3909 Ζῆνα,

313 3922 445 3971 τόνδ’
466 3921 585 3983 ἡγοῦ
605 3921 724 3973 Θεόν.
790 3923 902 3971 Hos
926 3936 1099 3970 versus
1122 3924 1195 3976 sic
1219 3922 1363 3970 Lati·

311 4013 408 4047 uos
431 3999 556 4047 fecit
583 3999 691 4048 Cic.
715 3999 781 4047 de
805 4000 926 4048 Nat.
952 4000 1112 4047 Deor.
1135 4011 1195 4045 n.
1225 3998 1367 4046 Vides

309 4076 511 4124 sublime
542 4071 709 4134 susum
765 4075 1116 4132 inmoderatum
1171 4075 1368 4135 ‹etl-era,

320 4153 421 4207 Qui
441 4157 615 4200 terram
635 4156 793 4200 tenero
811 4151 1111 4211 circumiectu
1129 4150 1369 4213 amplecti·

318 4225 428 4277 tur?
452 4226 596 4275 Hunc
608 4242 835 4276 summum
851 4227 1019 4275 habeto
1035 4227 1233 4288 Divum,
1249 4226 1369 4273 Ιιιιπι·

450 4308 629 4371 Delph.
659 4312 709 4356 et
737 4306 851 4356 Var.
875 4307 1002 4356 Clas.

1293 4305 1498 4355 Plinius.

1466 592 1571 639 Per
1592 597 1761 641 cuneta
1778 608 1934 641 rerum
1953 594 2218 657 meabilem]
2265 596 2463 645 Seneca

1402 666 1526 715 Nat.
1544 668 1744 717 Quaest.
1764 674 1886 717 11.9.
1904 670 1919 696 ‘
1941 669 2170 730 Spiritus
2189 683 2289 720 non
2311 684 2461 733 aper·

1403 749 1459 791 ta
1495 750 1696 792 tantum
1735 744 2030 800 intendens,
2055 746 2147 794 sed
2181 746 2338 795 etiam
2372 747 2462 795 ah·

1403 820 1514 868 dita
1538 826 1593 868 et
1617 820 1851 868 inclusa.’

1471 895 1646 943 ,Mutuo
1665 895 1929 958 complexu]
1966 897 2094 944 Late
2112 894 2208 943 hac
2228 896 2292 944 de
2314 911 2370 945 re
2392 896 2462 945 A·

1404 971 1542 1020 chill.
1567 986 1679 1032 sup.
1710 969 1862 1020 Arat.
1888 986 1939 1033 p.
1965 975 2044 1022 83.
2076 979 2130 1021 et
2164 971 2345 1020 Manil.
2367 970 2462 1022 As.-

1407 1054 1540 1098 tron.
1565 1061 1604 1095 1.
1629 1051 1740 1096 168.
1773 1048 1942 1096 Dalec.

1538 1124 1672 1172 CAP-
1696 1137 1776 1174 vr.
1821 1125 1902 1172 De
1921 1130 2095 1187 septem
2111 1126 2332 1187 planetis.

1396 1165 1402 1172 δ
1472 1198 1669 1248 Medius
1681 1198 1764 1247 Sol
1772 1199 1961 1261 fertur]
1984 1201 2216 1250 Chaldaei
2236 1200 2465 1249 errantia

1395 1274 1582 1328 ⁴sidera
1605 1274 1670 1323 ad
1686 1276 1820 1324 huuc
1837 1290 2100 1325 numerum
2118 1277 2464 1340 redegerunt.=

1412 1351 1738 1400 Ptolemaeus.
1765 1366 1888 1400 vero
1924 1366 1984 1399 ac
2009 1352 2194 1400 Theon
2219 1352 2388 1400 Solem
2412 1359 2468 1400 et

1397 1427 1608 1476 Lunam
1639 1427 1774 1475 iuter
1796 1428 2025 1476 errantia
2053 1441 2154 1476 uon
2180 1433 2465 1475 recensent.

1415 1504 1498 1551 De
1521 1503 1854 1552 planetarum
1885 1517 2116 1563 numero,
2139 1510 2300 1566 motu,
2325 1509 2380 1550 et
2401 1503 2468 1551 ⁸11-

1412 1587 1488 1634 tu‚
1510 1579 1633 1627 vide
1656 1578 1820 1628 Arist.
1844 1578 1913 1628 de
1933 1578 2154 1642 Mundo,
2176 1593 2223 1627 c.
2240 1582 2288 1627 2.
2321 1578 2470 1625 Idem.

1399 1685 1406 1706 2
1480 1656 1644 1703 Totius
1685 1653 1916 1715 animum]
1956 1653 2342 1717 Elegantissimi
2370 1654 2469 1702 hae

1399 1730 1481 1782 ,de
1517 1744 1573 1778 re
1599 1729 1798 1791 Orphei
1835 1744 2045 1781 versus:
2093 1730 2260 1791 Κλῦθι,
2297 1727 2468 1794 μάκαρ,

1412 1803 1666 1869 πανδερκὲς
1679 1803 1805 1866 ἔχων
1819 1803 2001 1854 αἰώνιον
2013 1803 2159 1866 ὄμμα,
2167 1804 2311 1854 Τιτὰν
2322 1819 2470 1868 χρυσ-

1414 1879 1829 1950 αιηὴςρΐπερίων,
1850 1879 2060 1943 οὐράνιον
2080 1884 2194 1944 φῶς.
2229 1883 2298 1930 Et
2317 1882 2470 1943 paulo

1415 1967 1568 2021 post:
1593 1957 1762 2017 'own
1792 1955 2100 2020 δικαιοσύνης,
2129 1956 2256 2019 ζωῆς
2281 1960 2396 2018 φῶς,
2434 1956 2471 2004 ὦ

1401 2033 1668 2096 ,iadau-re,
1691 2032 1904 2095 Μάστιγι
1923 2037 2096 2098 λιγυρῇ
2124 2032 2378 2097 τετράορον
2391 2032 2474 2096 ἅρ-

1412 2130 1481 2173 μα
1514 2111 1704 2160 διώκων.
1768 2111 2002 2160 Caeteras
2037 2111 2220 2164 laudes
2263 2109 2465 2162 videbis

1417 2190 1466 2235 in
1499 2186 1729 2236 Neandri
1754 2187 1908 2250 Phys.
1933 2202 1984 2249 p.
2006 2190 2086 2235 32.
2126 2188 2274 2236 Idem.
2448 2211 2457 2225 ι

1480 2263 1583 2310 Hic
1618 2263 1800 2325 reliqua
1835 2264 1999 2310 sidera
2029 2260 2255 2321 occultat]
2318 2259 2472 2314 Adde

1414 2338 1646 2398 illustrat,
1683 2353 1748 2393 ex
1789 2337 1917 2386 Cod.
1953 2337 2119 2388 Tolet.
2162 2345 2220 2384 ut
2260 2335 2474 2390 sit,.H1'c

1416 2415 1596 2475 reliqua
1607 2413 1767 2461 sidera
1777 2412 2232 2473 occultat,illustrat.
2260 2411 2374 2459 Nec
2389 2424 2476 2458 ac·-

1418 2490 1557 2550 cipio
1580 2490 1815 2550 illustrat,
1835 2491 1955 2552 qnia
1978 2488 2190 2552 reliquis
2215 2488 2474 2538 sideribus

1418 2565 1586 2612 lumen
1613 2564 1908 2626 impertiat;
1936 2562 2041 2614 ‚hoe
2076 2564 2207 2611 enim
2243 2562 2379 2611 infra
2400 2564 2478 2614 di·

1419 2647 1539 2698 cet;
1572 2637 1664 2687 sed
1705 2640 1824 2702 quia
1864 2653 2089 2701 praeseus
2128 2639 2378 2687 obscuret
2409 2638 2477 2699 si·

1420 2716 1567 2775 dera,
1591 2715 1777 2764 absens
1801 2716 2040 2765 illustret.
2060 2715 2297 2784 ⁴Piraian.

1491 2793 1694 2842 Caeteris
1714 2779 1907 2855 quoque,
1935 2793 2043 2856 cisa]
2096 2794 2206 2842 imo
2237 2807 2358 2842 vero
2381 2792 2479 2840 soli

1425 2869 1601 2917 Lunae.
1668 2869 1875 2916 Caetera
1929 2883 2147 2931 namque
2201 2869 2371 2917 sidera
2411 2867 2478 2915 de

1422 2958 1515 2991 suo
1569 2944 1766 3002 lucent,
1817 2951 2059 2991 monente
2101 2944 2236 2993 Scal.
2275 2944 2476 2991 advers.

1424 3018 1579 3067 Card.
1599 3030 1770 3065 exerc.
1792 3021 1875 3066 64.
1909 3018 2077 3067 Dalec.

1686 3095 1820 3146 CAP.
1846 3107 1945 3141 vn.
1999 3094 2076 3141 De
2098 3093 2219 3141 Deo.

1493 3170 1719 3233 Effigiem
1736 3169 1852 3229 Dei,
1870 3170 1948 3229 ξε.
1952 3168 1974 3230 ]
2011 3168 2260 3217 Veterum
2285 3164 2481 3228 opinio-

1428 3259 1519 3292 nes
1543 3244 1606 3291 de
1633 3244 1749 3292 Deo
1767 3243 1884 3291 vide
1907 3243 2043 3307 apud
2066 3242 2228 3291 Arist.
2245 3243 2481 3294 deMun-

1428 3320 1496 3368 do
1519 3334 1568 3368 c.
1590 3323 1640 3367 7.
1677 3327 1732 3367 et
1764 3319 1912 3367 Stob.
1948 3320 2127 3381 Eclog.
2162 3320 2210 3367 in
2238 3319 2402 3381 princ.
2425 3323 2483 3367 et

1429 3396 1695 3445 Plutarch.
1720 3394 1784 3443 de
1809 3395 1994 3443 Placit.
2020 3395 2157 3445 Phil.
2175 3409 2212 3443 1.
2231 3399 2281 3444 7.
2299 3400 2354 3443 et
2371 3393 2481 3442 Ne·

1433 3470 1575 3520 andr.
1600 3471 1759 3534 Phys.
1781 3477 1835 3519 et
1858 3470 1980 3520 Sex.
2006 3471 2204 3533 Empir.
2232 3470 2486 3534 Pyrrhon-

1433 3548 1632 3610 Hypot.
1657 3560 1744 3594 ιιι.
1769 3549 1813 3594 1.
1837 3554 1892 3594 et
1918 3546 2095 3596 Henr.
2130 3546 2314 3607 Steph.
2349 3544 2485 3598 Phil.

1421 3623 1590 3673 .Poe't.
1613 3629 1666 3671 et
1689 3622 1892 3681 αὐτου-χ.
1917 3634 2000 3669 111.
2022 3627 2069 3673 5.
2090 3626 2143 3668 et
2156 3626 2332 3683 seq-et
2348 3619 2486 3670 Just.

1434 3700 1654 3761 Martyr.
1680 3699 1918 3759 ἐπιτρςπτ.
1943 3704 1998 3745 et
2033 3698 2274 3748 Lactaut.
2306 3695 2483 3742 Divin.

1435 3774 1568 3822 lust.
1594 3785 1630 3821 ι.
1653 3778 1701 3821 6.
1725 3779 1780 3820 et
1803 3786 1912 3833 seq.
1947 3771 2098 3819 Idem.

1505 3849 1650 3895 Totus
1686 3847 1878 3909 animae]
1923 3846 2128 3899 Anime.
2162 3844 2335 3906 ψυχῆς,
2372 3856 2486 3906 qun

1438 3924 1673 3974 omnibus
1709 3924 1812 3971 vita
1849 3920 2230 3983 praeditiseam
2257 3918 2488 3981 praebet-z

1436 3998 1606 4057 animi,
1643 3997 1731 4045 τοῦ
1767 3997 1867 4059 νοῦ,
1899 3996 1986 4058 qui
2022 4010 2134 4057 quae
2165 3995 2214 4043 in
2249 3995 2490 4044 universo

1437 4074 1570 4123 fiunt
1603 4073 1787 4124 omnia.
1806 4071 2095 4129 admirabili
2126 4070 2380 4133 sapientia
2412 4084 2492 4119 re-

1442 4150 1516 4211 git
1531 4153 1585 4197 et
1602 4143 1940 4197 administrat.
1965 4146 2030 4195 D.
2048 4147 2339 4208 Augustino
2356 4153 2369 4174 ⁴
2385 4145 2494 4194 ani-

1442 4223 1551 4273 ma’
1576 4224 1692 4274 vitae
1714 4230 1816 4285 est,
1838 4220 1854 4248 ‘
1871 4220 2092 4272 animus’
2115 4221 2332 4272 consilii.
2367 4219 2494 4269 Ani-

2208 4306 2271 4351 14
2304 4301 2363 4350 Μ
