3000 4917
1208 397 1562 448 Auc‘rouu
1575 399 1649 446 M.
2114 365 2127 375 ⁸
2347 385 2521 455 4951

365 538 594 591 Trebius
616 540 794 603 Niger.
863 540 944 590 De
967 554 1030 592 eo
1051 554 1128 592 rx.
1146 543 1231 591 48.

389 623 575 684 stagras
596 623 868 685 Pompeius.
935 623 1068 673 Livii
1106 630 1290 686 aetate,
1312 631 1368 674 et
1394 622 1622 688 Augusti
1662 623 1959 688 principatu
1984 624 2131 676 vixit.
2214 627 2424 678 Gallum
2456 641 2514 679 se

321 701 436 766 ipse
457 702 588 754 facit
610 704 700 753 lib.
720 717 877 754 xmu.
927 706 1164 770 Scripsit
1197 705 1547 756 Historiarum
1587 705 1999 769 Philippicarum
2035 707 2195 757 libros
2226 723 2378 759 κων.
2418 711 2516 760 boc

319 790 422 846 est,
444 783 547 835 de'
534 786 753 849 imperio
786 785 1100 849 Philippico,
1118 786 1228 836 sire
1250 785 1620 836 Macedonico:
1657 800 1869 851 quarum
1894 801 2031 837 nunc
2054 787 2332 851 Epitomen
2355 791 2515 840 solam

319 880 351 913 a
371 866 583 917 Justino
604 867 963 917 concinnatam
987 867 1256 917 babemus.
1319 867 1504 917 Libros
1537 866 1647 930 ejus
1677 867 1743 916 de
1766 866 2092 918 Animalibus
2128 868 2306 919 laudat
2336 871 2516 921 Chari-

318 947 542 996 siusiib.
562 962 600 996 1.
624 963 676 1012 p.
696 952 782 998 79.
814 948 952 998 unde
982 947 1214 1000 hausisse
1247 948 1422 1013 aliqua
1456 948 1682 999 Plinium
1714 956 1936 1005 constat,
1969 962 2044 1000 xi.
2066 953 2181 1000 114.
2217 950 2304 1000 ubi
2337 959 2515 1002 aucto-

305 1040 429 1077 rem
451 1030 830 1080 severissimum
855 1031 1082 1095 Trogum
1106 1035 1277 1080 vocat.

388 1109 586 1159 hibero.
656 1111 752 1161 Cui
772 1112 1000 1163 Quintus
1025 1125 1321 1174 prenomen
1344 1108 1497 1160 datur
1521 1110 1574 1159 in
1599 1109 1783 1161 Indice
1803 1109 1962 1161 Plinii
1984 1110 2073 1161 lib.
2095 1125 2163 1162 11.
2181 1110 2513 1163 Tuberonem

312 1189 638 1252 distinguere
671 1191 768 1241 boc
805 1193 920 1243 ioco
958 1192 1319 1256 tergeminum,
1359 1205 1535 1255 operae
1575 1192 1801 1256 pretium
1838 1191 2014 1243 fuerit.
2092 1193 2297 1243 Primus
2330 1200 2413 1243 est
2445 1196 2516 1247 Q·

315 1271 480 1321 AElius
502 1272 730 1328 Tubero,
753 1274 819 1325 Q.
841 1274 904 1325 F.
937 1288 1099 1337 gener
1137 1272 1284 1322 Pauli
1308 1271 1500 1321 AEmiiii
1523 1271 1874 1336 Macedonici,
1897 1272 2127 1338 ejusdem
2151 1286 2315 1337 nepos
2345 1288 2377 1326 a
2399 1274 2511 1325 Cic.

313 1351 370 1400 in
393 1352 579 1415 Bruto,
599 1368 653 1418 p.
673 1358 788 1404 549.
811 1360 1041 1403 vocatus.
1089 1353 1219 1417 Agit
1243 1353 1308 1402 de
1329 1352 1512 1403 eodem
1529 1353 1767 1403 Valerius
1788 1354 1931 1404 Max.
1947 1359 2118 1404 vino.
2135 1361 2192 1404 et
2207 1354 2312 1405 alii.
2355 1353 2510 1405 Alter

314 1441 399 1482 est
424 1434 484 1484 1..
507 1433 669 1485 AEiius
691 1436 898 1485 Tubero
920 1434 1212 1497 historicus,
1233 1434 1319 1498 qui
1350 1433 1616 1484 Ciceronis
1654 1434 1860 1497 legatus
1893 1435 1945 1483 in
1983 1434 2111 1484 Asia
2148 1434 2270 1498 fuit,
2306 1435 2374 1484 de
2407 1450 2510 1501 qno

311 1514 428 1577 ipse
447 1515 642 1565 Tullius
665 1516 730 1566 ad
754 1517 821 1569 Q,
843 1516 1011 1567 Fratr.
1030 1530 1070 1566 1.
1093 1519 1142 1565 1.
1168 1530 1221 1578 p.
1235 1518 1353 1564 576.
1404 1514 1610 1565 Tertius
1634 1522 1733 1577 est,
1757 1516 1826 1567 Q.
1847 1515 2009 1565 AElius
2030 1514 2257 1581 Tubero,
2278 1517 2513 1569 historici

311 1593 471 1660 filins,
495 1597 582 1660 qui
614 1598 777 1647 multa
814 1597 1020 1661 scripsit
1053 1597 1120 1646 de
1141 1596 1270 1650 Jure
1296 1595 1468 1654 Civili,
1490 1609 1642 1660 quem
1675 1596 1858 1646 Cicero
1880 1596 2223 1661 propinquum
2246 1612 2390 1648 suum
2416 1613 2507 1662 ap·

315 1676 479 1739 pellat
502 1676 553 1725 in
577 1677 870 1742 Ligariana.
934 1679 1021 1727 Ex
1042 1677 1121 1727 bis
1146 1682 1369 1741 apparet
1390 1675 1441 1725 in
1458 1675 1646 1725 Indice
1669 1676 1883 1739 signari,
1903 1691 2005 1726 non
2025 1677 2319 1727 historicum
2342 1679 2508 1742 illum,

313 1756 403 1806 eui
425 1757 573 1806 Lucii
601 1771 901 1821 praenomen
933 1757 1054 1816 fuit,
1072 1757 1208 1823 qnod
1232 1757 1445 1807 Vossius
1471 1754 1716 1812 credidit,
1738 1756 1807 1805 de
1826 1756 2104 1807 Historicis
2127 1759 2345 1823 Latinis,
2364 1772 2401 1809 ι.
2425 1764 2506 1811 12.

312 1838 406 1886 sed
434 1846 636 1901 patrem
662 1840 841 1904 ipsius,
864 1839 931 1891 Q.
954 1839 1142 1889 AEiium
1166 1836 1518 1888 Tuberonem.
1568 1855 1573 1860 ¹
1925 1853 1931 1858 ⁷

315 1954 323 1962 .
385 1918 665 1970 naitanus.
732 1920 788 1970 Is
822 1926 905 1971 est
940 1920 1003 1970 C.
1025 1915 1362 1983 Sempronius
1383 1918 1689 1982 Tuditanus,
1728 1917 1817 1982 qui
1852 1919 2184 1969 Consulatum
2207 1919 2368 1983 gessit
2389 1934 2505 1969 cum

277 2045 282 2050 .
313 1998 414 2049 Μ’.
443 1997 685 2066 Aquilio,
728 2016 864 2051 anno
916 2002 984 2052 U.
1019 2001 1078 2052 C.
1129 2012 1367 2051 κιαι·
1429 1999 1927 2050 Commentariorum
1963 2001 2077 2064 ejus
2122 2001 2506 2051 Historicorum

312 2079 565 2143 meminit,
586 2088 780 2146 praeter
802 2081 1050 2146 Plinium,
1074 2080 1273 2132 Gellius
1297 2092 1424 2130 xm.
1445 2082 1527 2130 15.
1554 2094 1605 2143 p.
1628 2081 1743 2130 685.
1764 2079 1854 2129 ubi
1888 2079 2025 2130 iiber
2059 2080 2247 2134 tertius
2271 2080 2505 2136 decimus

309 2160 572 2211 laudatur.
636 2163 926 2213 Tuditanus
961 2162 1098 2212 idem
1130 2161 1265 2212 libro
1298 2161 1455 2212 tertio
1476 2160 1883 2224 Magistratuum
1918 2160 2159 2211 landatur
2182 2161 2504 2212 aMscrobio

312 2242 518 2292 Saturn.
540 2256 581 2293 1.
601 2247 686 2293 13.
707 2259 760 2309 p.
778 2248 893 2295 253.

379 2323 565 2373 Tullius
588 2324 719 2374 Tiro.
786 2325 867 2374 De
908 2325 1029 2376 vita
1065 2325 1273 2390 patroni
1308 2323 1385 2373 sui
1423 2321 1714 2385 Ciceronis,
1750 2321 1900 2386 cujus
1937 2322 2153 2374 libertus
2185 2322 2305 2379 fuit,
2340 2322 2504 2374 libros

310 2405 538 2468 scripsit,
574 2419 791 2469 quorum
830 2414 1069 2471 quartum
1102 2407 1234 2456 citat
1269 2404 1528 2456 Asconius
1573 2403 1838 2453 Pedianus
1875 2403 1926 2452 in
1964 2402 2113 2453 Orat.
2152 2418 2247 2468 pro
2284 2404 2504 2454 Milone·

311 2500 364 2550 p.
388 2489 471 2536 24.
535 2485 736 2536 Gellius
760 2500 890 2538 xm.
911 2490 960 2536 9.
983 2502 1036 2551 p.
1051 2490 1166 2537 667.
1200 2485 1216 2514 ‘
1231 2485 1428 2536 Tullius
1447 2483 1609 2548 Tiro:
1630 2483 1815 2549 inquit,
1832 2483 1850 2512 ‘
1870 2484 1949 2535 M.
1969 2484 2232 2535 Ciceronis
2249 2484 2504 2546 alumnus,

311 2574 370 2617 et
390 2568 625 2632 libertus,
648 2568 958 2634 adjutorque
980 2569 1031 2618 in
1055 2568 1219 2618 literis
1244 2566 1531 2617 studiorum
1557 2565 1666 2628 ejus
1688 2563 1807 2615 fuit.
1862 2564 1916 2615 Is
1939 2564 2098 2615 libros
2119 2565 2409 2628 complures
2430 2564 2499 2614 de

307 2663 404 2699 usu
428 2657 586 2715 atque
611 2650 810 2699 ratione
833 2651 1024 2715 lingum
1050 2650 1283 2700 Latinas:
1306 2649 1432 2699 item
1455 2647 1524 2697 de
1558 2646 1713 2696 variis
1736 2652 1894 2710 atque
1928 2647 2237 2709 promiscuis
2257 2646 2501 2709 quaestio·

307 2732 459 2782 nibus
490 2731 795 2797 composuit.
866 2731 930 2780 In
952 2732 1028 2781 liis
1050 2743 1164 2780 esse
1185 2729 1436 2795 praecipui
1459 2728 1721 2784 videntur,
1743 2740 1871 2791 qnos
1894 2725 2085 2777 Graeco
2116 2726 2266 2776 titulo
2293 2724 2503 2776 Πανδέκ·

306 2830 396 2863 τας
427 2813 688 2876 inscripsit
720 2820 961 2877 tanquam
1002 2826 1152 2863 omne
1190 2825 1363 2861 rerum
1401 2817 1563 2874 atque
1596 2807 1947 2858 doctrinarum
1987 2821 2151 2871 genus
2187 2806 2499 2860 continent&

305 2895 626 2945 Proeclarum
650 2894 799 2958 hujus
822 2893 1043 2956 elogium
1064 2892 1200 2956 apud
1225 2892 1445 2941 eundem
1468 2890 1698 2942 Gellium
1725 2902 1826 2938 vu.
1850 2892 1899 2938 3.
1925 2902 1977 2951 p.
1999 2892 2115 2937 401.
2454 2903 2462 2916 ·

377 2974 639 3026 {turranius
662 2974 892 3035 Gracilis,
916 2975 991 3023 sic
1015 2974 1150 3023 enim
1174 2972 1327 3022 scribi
1351 2985 1541 3021 nomen
1561 2969 1685 3019 illud
1710 2968 1829 3018 mihi
1853 2967 2019 3030 magis
2044 2968 2240 3030 placet,
2255 2966 2491 3016 omnibus

300 3056 463 3106 codd.
484 3056 612 3104 Mss.
633 3055 694 3105 R.
717 3059 764 3103 ἱ.
788 3059 836 3105 2.
871 3052 1022 3105 Colb.
1041 3058 1092 3103 2.
1115 3062 1171 3101 et
1192 3049 1361 3102 chiffl.
1386 3057 1494 3101 tum
1518 3051 1572 3099 in
1596 3047 1796 3107 Indice,
1820 3052 1930 3096 tum
1963 3061 2082 3110 cap.
2102 3051 2150 3096 1.
2184 3047 2303 3095 libri
2337 3048 2501 3109 tertii,

301 3136 778 3198 consentientibus,
804 3150 975 3200 qnam,
998 3134 1074 3184 uti
1099 3141 1255 3183 antea
1276 3132 1569 3196 legebatur,
1593 3129 1849 3179 Graecula.
1912 3127 2056 3177 Helii
2092 3127 2314 3177 Gracilis
2339 3127 2492 3176 Taci-

302 3228 394 3271 tus
412 3217 645 3268 meminit
669 3217 807 3267 Anu.
830 3230 961 3266 ιω.
987 3232 1038 3279 p.
1056 3218 1174 3265 215.
1212 3213 1453 3264 Turranii
1475 3212 1569 3261 lib.
1592 3225 1631 3260 ι.
1651 3225 1702 3273 p.
1724 3214 1774 3260 6.
1845 3208 2001 3258 Hunc
2028 3206 2250 3259 Ovidius
2286 3208 2337 3256 in
2374 3206 2495 3271 poe·

304 3309 479 3353 tarum
504 3300 622 3351 albo
639 3299 880 3361 collocat,
904 3312 970 3345 ex
992 3297 1166 3346 Ponto
1190 3307 1266 3345 w.
1287 3299 1368 3345 16.
1389 3298 1471 3345 29.
1505 3295 1522 3323 ‘
1541 3293 1793 3356 Musaque
1808 3289 2026 3339 Turrani
2050 3287 2257 3350 tragicis
2275 3287 2499 3336 subnixa

300 3381 610 3434 cothurnis?
684 3380 947 3444 Hispanus
967 3378 1087 3440 fuit,
1106 3392 1269 3443 prope
1295 3376 1588 3427 Mellarism
1613 3372 1830 3423 Baeticae
1863 3376 2034 3433 natus,
2067 3375 2283 3419 auctore
2317 3368 2494 3418 Plinio

301 3465 360 3514 in
384 3463 639 3513 Prooemio
664 3462 754 3511 lib.
776 3474 865 3511 ιιι.
931 3459 999 3510 D.
1020 3458 1332 3510 Turranium
1353 3456 1611 3506 homiuem
1632 3452 1943 3517 χρηστομαθῆ
1967 3450 2199 3515 appellat
2219 3449 2403 3499 Cicero
2426 3448 2496 3498 ad

304 3544 480 3595 Attio.
501 3558 545 3593 ι.
562 3547 612 3593 6.
639 3557 691 3606 p.
714 3545 763 3590 8.

378 3623 557 3676 nam
579 3623 847 3675 Fabricius.
913 3621 975 3670 In
994 3619 1179 3671 Indice
1202 3618 1320 3670 iibri
1342 3617 1505 3669 tertii.

1362 3765 1430 3814 V.
2250 3807 2259 3817 .

281 3887 288 3892 ·
378 3869 597 3922 Valerius
615 3870 810 3920 Antius.
870 3866 1026 3931 8511ae
1049 3862 1372 3927 temporibus
1391 3860 1538 3912 vixit.
1603 3858 1828 3922 Scripsit
1848 3856 2095 3912 Annales,
2131 3851 2265 3902 baud
2291 3851 2492 3915 exigue

300 3950 455 4001 molis
477 3964 633 4014 opust
669 3963 789 4000 nam
813 3947 1000 3997 librum
1024 3959 1203 3995 eorum
1224 3954 1424 3994 mxxiv.
1442 3940 1574 3992 citat
1595 3939 1897 3989 Priscianus
1916 3936 2006 3987 lib.
2031 3948 2112 3985 rx.
2136 3950 2188 3997 p.
2209 3936 2322 3984 871.
2368 3933 2492 3982 Gel-

302 4032 403 4080 lius
424 4030 583 4080 etiam
610 4030 844 4093 quintum
865 4036 920 4077 et
942 4040 1076 4077 ux.
1098 4038 1200 4076 vn.
1221 4028 1272 4075 9.
1294 4026 1490 4088 paim.
1553 4020 1691 4070 Vide
1726 4026 1783 4068 et
1819 4017 2055 4067 Macrob.
2088 4015 2295 4064 Satura.
2334 4026 2374 4063 ι.
2412 4016 2491 4063 13.

299 4128 357 4177 p.
358 4111 498 4161 ’253.
567 4109 905 4161 Plutarchum
930 4109 984 4158 in
1006 4107 1248 4166 Romulo,
1270 4119 1320 4169 p·
1344 4108 1426 4154 25.
1490 4101 1716 4165 Dionys.
1741 4097 1918 4148 Halic.
1943 4096 2034 4145 lib.
2055 4110 2096 4146 1.
2117 4109 2175 4159 p.
2183 4098 2232 4143 6.

374 4192 593 4241 Valerius
614 4191 879 4239 Maximus.
946 4186 1082 4237 Vide
1099 4185 1364 4240 Maximus.

377 4272 598 4335 Valgius.
664 4272 867 4322 citatur
889 4284 919 4319 a
943 4266 1117 4319 Gellio
1142 4279 1250 4316 xri.
1268 4269 1315 4317 3.
1354 4279 1405 4329 p.
1426 4266 1542 4314 622.
1572 4258 1834 4312 secundus
1869 4257 2001 4308 liber
2038 4269 2232 4319 eorum,
2263 4268 2389 4321 quos
2424 4254 2486 4308 C.
