3000 4917
474 376 657 441 4644-
1219 397 1281 444 c.
1332 394 1576 444 PMNII
1626 395 1954 446 succum

475 540 820 623 multoque
862 540 1085 604 minus
1128 539 1471 605 calculoso
1517 539 1806 606 ducendi
1847 541 2019 618 solo,
2068 534 2190 604 sed
2232 561 2271 604 e
2309 548 2584 607 cretoso
2610 548 2683 605 et

475 629 831 719 albicante,
854 650 977 708 aut
1005 661 1094 706 ex
1123 644 1421 708 rubrica:
1464 644 1572 708 vel
1604 644 1664 707 si
1685 643 1831 727 jam
1864 663 1952 708 ex
1979 644 2324 723 sabuloso,
2352 663 2392 708 e
2415 663 2685 707 mascu-

475 741 542 805 lo
587 749 814 808 certe.¹
908 744 1322 825 Finguntur⁰
1366 745 1618 828 optime
1676 764 1866 812 vere:
1909 765 2066 811 nam
2114 746 2401 812 solstitio
2444 746 2686 809 rimosi

472 843 665 909 fiunt.
753 844 1138 911 AEdificiisd
1183 848 1454 911 nonnisi
1498 848 1767 912 bimos‘*
1827 849 2134 932 probant.
2225 846 2411 927 Quin
2465 855 2532 912 et
2582 849 2687 911 in-

474 945 736 1012 tritamf
792 950 1057 1033 ipsam²
1120 970 1374 1027 eorum,
1440 950 1625 1033 prius
1682 970 1885 1034 quam
1951 950 2307 1033 fingantur,
2352 948 2685 1013 macerari

476 1058 763 1132 oportet.
852 1052 1112 1118 Genera
1146 1072 1378 1120 eorum
1424 1056 1597 1119 tria:
1645 1052 2002 1138 Lydion‚³⁸
2045 1071 2184 1136 quo
2227 1052 2500 1130 utimur,
2540 1053 2686 1115 lon-

472 1170 627 1234 gum
660 1154 1087 1238 sesquipede,
1119 1154 1331 1219 latum
1363 1156 1541 1238 pede
1564 1177 1579 1218 :
1599 1162 1628 1203 ⁴
1669 1154 1947 1218 alterum
1989 1153 2385 1232 tetradoron,
2416 1155 2686 1218 tertium

470 1255 896 1336 pentadoron.
986 1255 1213 1321 Graeci
1263 1259 1442 1321 enim
1494 1255 1759 1341 antiqui
1811 1255 2025 1320 doron
2083 1256 2380 1339 palmum
2402 1253 2429 1292 ¹⁸
2475 1275 2683 1320 voca-

472 1355 666 1434 bant,
713 1364 778 1421 et
820 1357 978 1422 ideo
1010 1358 1180 1424 dora
1222 1378 1519 1437 munera,
1553 1361 1717 1442 quia
1763 1377 1965 1422 manu
2007 1357 2340 1423 darentur.
2428 1357 2609 1441 Ergo
2639 1376 2683 1422 a

1375 1536 1739 1557 ‘OOOOOOOOOOO

536 1668 671 1719 Cu».
697 1681 851 1718 xmx.
922 1673 948 1717 l
985 1667 1117 1718 Cod.
1154 1670 1333 1718 Dslee.
1366 1667 1558 1717 rubrica
1596 1673 1642 1716 et
1682 1669 1864 1731 sabulo,
1894 1669 2099 1717 masculo
2135 1673 2301 1725 cerem
2336 1669 2462 1718 Vet.
2490 1668 2682 1719 Delec.

468 1733 541 1781 vel
561 1733 605 1781 si
614 1732 723 1792 jam
743 1748 807 1781 ex
825 1732 985 1781 sabulo
1007 1734 1212 1782 masculo
1233 1738 1377 1795 certe,
1399 1746 1428 1781 e
1452 1732 1809 1782 Vitruvio.-2
1843 1733 1975 1782 Cod.
2017 1732 2202 1783 Delec.
2233 1732 2386 1797 flunt,
2408 1748 2526 1796 quos
2558 1733 2682 1782 ‹edi-

455 1797 595 1859 ficii-s
613 1812 707 1845 non
726 1798 919 1846 idoneos
935 1797 1359 1860 probantquidum.
1426 1797 1622 1845 Terram
1641 1797 1791 1860 ipsum
1807 1813 1828 1855 ‚·
1862 1798 1990 1846 Vet.
2026 1797 2206 1846 Delec.
2241 1798 2359 1859 quin
2381 1803 2428 1847 et
2452 1798 2684 1847 intritum

467 1867 740 1911 eorum—3
774 1861 1002 1912 Gronov.
1033 1871 1086 1910 et
1112 1863 1178 1910 al.
1203 1869 1326 1911 ente
1361 1860 1624 1910 Harduin.
1656 1863 1973 1912 diciorum—4
2007 1862 2023 1890 ‘
2046 1862 2168 1918 Alii,
2202 1862 2394 1923 long-um
2424 1864 2565 1924 pede,
2614 1864 2684 1910 la·

472 1930 573 1974 tum
592 1927 844 1989 semipede,
867 1941 898 1976 e
923 1926 1184 1976 Vitruvio.
1253 1926 1538 1976 Philsnder
1562 1936 1731 1976 tamen
1756 1925 1889 1976 hane
1910 1926 2185 1976 lectionem
2210 1926 2465 1976 veriorem
2492 1926 2683 1992 putet?

1471 2102 1687 2153 No'rAE

1612 2216 1741 2267 Mss.
1787 2202 1909 2278 non,
1949 2225 2008 2267 ut
2051 2216 2211 2277 editi,.
2240 2188 2457 2266 «tidem.
2541 2216 2681 2268 Haec

1613 2294 1769 2356 paulo
1804 2294 1959 2343 aliter
1993 2292 2263 2342 Vitruvius
2292 2293 2393 2342 loc.
2423 2294 2518 2343 cit.
2556 2295 2572 2322 ⁴
2598 2295 2680 2343 Fi·

532 2227 553 2251 0
590 2218 891 2282 Finguuur]
918 2220 1187 2269 Vitruvius
1211 2234 1272 2270 ιι.
1295 2224 1345 2269 2.
1371 2234 1423 2282 p.
1448 2223 1533 2269 22.

468 2293 484 2320 ‘
512 2294 750 2344 Ducendi
798 2304 972 2345 eutem
1014 2305 1137 2345 sunt
1177 2311 1273 2360 per
1316 2309 1533 2345 vernum

469 2379 694 2435 tempus,
717 2382 775 2422 et
797 2374 1116 2434 siitumnsle,
1138 2382 1194 2422 ut
1227 2387 1328 2422 nno
1352 2380 1534 2421 tenore

470 2450 777 2499 siccescant.
849 2449 953 2500 Qui
973 2450 1110 2499 enim
1136 2464 1231 2514 per
1253 2449 1535 2499 solstitium

469 2534 737 2588 parantur,
796 2526 915 2579 ideo
971 2527 1147 2576 vitiosi
1199 2531 1341 2583 sunt,
1393 2525 1533 2589 quod

470 2617 722 2657 stimmum
742 2604 938 2652 corium
956 2604 1043 2652 Sol
1061 2604 1254 2653 acriter
1272 2618 1389 2653 cum
1415 2618 1535 2667 per-

469 2679 668 2742 coquit,
690 2677 854 2728 efficit
878 2686 938 2728 ut
959 2680 1236 2729 videantur
1258 2679 1420 2728 aridi:
1456 2681 1532 2728 in-

469 2755 631 2804 terius
653 2762 828 2804 utitem
865 2754 970 2803 sint
1003 2769 1103 2803 nou
1138 2755 1296 2804 siccis
1333 2762 1390 2804 et
1413 2769 1534 2805 cum

469 2835 652 2891 postea
694 2829 1030 2878 siccescendo
1090 2844 1146 2878 se
1199 2830 1534 2891 contrahunt,

468 2911 815 2969 perrumpunt
838 2920 905 2954 ea
933 2920 1049 2970 quae
1073 2914 1224 2956 erant
1247 2905 1417 2956 arida:
1452 2908 1533 2957 ite

468 2981 643 3032 rimosi
665 2981 961 3032 efficiuntur
985 2983 1265 3033 imbecilli.'
1322 2984 1412 3034 Sic
1434 2986 1529 3034 eti·

469 3074 550 3110 am
579 3058 846 3109 Palladius
870 3061 920 3109 in
953 3060 1095 3110 Maio
1132 3060 1221 3111 lib.
1241 3074 1317 3110 vt.
1343 3062 1426 3112 tit.
1452 3066 1532 3112 12.

465 3150 519 3199 p.
546 3141 657 3186 120.

528 3212 555 3246 ‘²
583 3213 848 3279 AEdg‘fieiis]
881 3213 1015 3264 Haee
1040 3229 1243 3265 rursum
1262 3226 1329 3263 ex
1348 3216 1533 3264 Vitru-

467 3288 552 3338 vio
587 3288 690 3339 loc.
710 3289 804 3339 cit.
839 3289 925 3339 ubi
948 3304 1153 3339 causam
1177 3291 1394 3354 hujusce
1418 3291 1532 3354 pla-

467 3364 561 3413 citi
587 3364 782 3427 aperit:
817 3368 834 3393 ‘
859 3366 1089 3416 Maxime
1112 3367 1322 3429 autem,’
1349 3368 1533 3432 inquit,

466 3439 483 3464 ‘
509 3439 744 3489 utiliores
787 3448 961 3504 erunt,
1005 3442 1049 3490 si
1098 3453 1221 3491 ante
1264 3442 1532 3492 biennium

469 3513 673 3565 fuerint
720 3515 900 3566 ducti:
957 3530 1181 3580 namque
1236 3532 1342 3567 non
1405 3526 1531 3569 aute

465 3599 684 3655 possunt
703 3593 914 3655 penitus
937 3593 1263 3657 siccescere}
1285 3597 1384 3645 &c.

529 3675 554 3702 Φ
586 3670 797 3718 Nonnisi
816 3669 985 3735 bimos]
1016 3670 1105 3719 Sic
1137 3671 1328 3720 bimum
1350 3685 1529 3722 semen

471 3744 600 3794 alibi
624 3745 845 3808 Plinius,
867 3760 1026 3796 nuces
1058 3746 1224 3797 bimas
1261 3747 1392 3798 Cato
1415 3747 1529 3798 dix·

468 3834 572 3869 ere.

531 3895 552 3928 ¹
583 3898 716 3952 Quin
739 3904 787 3947 et
814 3898 1060 3962 intritam]
1090 3899 1326 3950 Totidem
1363 3901 1530 3964 spici·

464 3973 562 4021 bus
602 3974 733 4037 Reg.
770 3979 818 4025 2.
856 3983 913 4026 et
952 3978 1054 4026 alii.
1124 3977 1311 4027 Intrita
1353 3994 1528 4044 porro,

463 4065 579 4113 quae
606 4065 706 4100 vox
731 4060 785 4100 et
810 4054 931 4102 alibi
965 4056 1198 4105 occurrit
1236 4055 1375 4118 apud
1419 4057 1524 4106 Pli-

464 4128 626 4185 nium,
671 4132 894 4177 materia
934 4140 1033 4185 est,
1078 4146 1144 4180 ex
1190 4147 1293 4195 qua
1336 4134 1527 4182 lateres

463 4202 747 4265 finguntur,
772 4206 952 4255 intrita
976 4217 1030 4257 et
1053 4208 1283 4258 subacta.

526 4286 552 4319 ε
585 4280 798 4343 Lydion]
853 4282 941 4332 Sic
990 4284 1118 4345 Reg.
1163 4290 1212 4334 2.
1257 4291 1523 4352 ceterique

1614 2377 1706 2418 unt
1724 2377 1894 2419 autem
1913 2371 2128 2418 luterum
2143 2382 2336 2432 genera
2356 2371 2485 2419 trie:
2505 2384 2682 2434 unum,

1612 2445 1749 2511 quod
1764 2446 1950 2497 Graece
1969 2444 2161 2510 δίδυμον
2173 2445 2439 2509 appellata
2447 2460 2491 2508 r,
2510 2446 2565 2495 id
2585 2454 2681 2504 est,

1611 2537 1714 2586 quo
1737 2523 1898 2573 nostri
1920 2530 2158 2578 utuntur,
2188 2523 2400 2585 longum
2423 2522 2581 2585 pede,
2614 2524 2684 2572 ls-

1613 2605 1721 2648 tum
1763 2598 2068 2662 semipede.’
2122 2598 2212 2664 (In
2248 2608 2454 2649 vetusto
2492 2600 2678 2650 Vitru-

1612 2677 1683 2725 vii
1720 2676 1902 2725 codice
1948 2676 2139 2740 legisse
2175 2689 2230 2722 se
2267 2674 2553 2723 Philsuder
2583 2676 2683 2737 sit,

1613 2752 1784 2817 ‘qnod
1823 2751 2011 2801 Graeee
2046 2748 2313 2814 Lychuni,’
2353 2750 2446 2800 sed
2485 2751 2681 2814 ‘Lydi-

1613 2827 1731 2878 um’
1765 2828 1951 2878 debuit
1981 2828 2179 2889 dicere,
2211 2826 2448 2890 ‘longum
2482 2828 2680 2891 sesqui·

1613 2905 1769 2971 pede,
1801 2909 1958 2958 latum
1984 2906 2155 2972 pede‚'
2177 2921 2329 2971 quam
2363 2908 2679 2970 scripturam

1608 2984 1726 3045 ipse
1771 2982 2079 3049 approbat.)
2159 2982 2346 3046 Pergit
2387 2996 2513 3031 vero
2557 2997 2679 3032 mox

1609 3060 1898 3110 Vitruvius:
1935 3062 1951 3089 ‘
1975 3060 2181 3109 Ceteris
2221 3058 2421 3108 duobus
2462 3058 2678 3109 Graeco·

1609 3150 1720 3186 rum
1744 3136 1965 3186 aedificia
1989 3144 2275 3185 struuntur.
2314 3136 2396 3185 Ex
2418 3135 2679 3187 bisunum

1609 3213 1959 3277 peutsdoron,
1995 3215 2214 3263 alterum
2253 3212 2564 3261 tetradoron
2602 3212 2677 3262 di·

1609 3290 1763 3338 citur.
1807 3291 1988 3339 Dorou
2012 3296 2183 3338 sutem
2208 3287 2384 3337 Graeci
2406 3289 2677 3352 appellent

1611 3366 1856 3430 palmum,
1874 3365 2012 3429 quod
2031 3378 2299 3414 munerum
2318 3364 2459 3413 datio
2484 3365 2674 3415 Groece

1610 3444 1755 3506 δῶρον
1788 3442 2116 3506 appellatur:
2164 3440 2217 3490 id
2257 3447 2430 3490 antem
2469 3455 2676 3506 semper

1606 3522 1805 3584 geritur
1828 3535 1925 3585 per
1946 3533 2125 3569 manus
2147 3519 2393 3582 palmum.
2428 3521 2517 3570 Ita
2538 3519 2675 3584 quod

1606 3604 1689 3647 est
1709 3611 2098 3661 quoquoversus
2121 3596 2348 3660 quinque
2367 3597 2674 3659 palmorum,

1606 3670 1965 3737 pentsdorom
2001 3672 2138 3737 quod
2172 3681 2415 3736 quatuor,
2448 3672 2673 3722 tetrado-

1605 3763 1698 3798 ron
1745 3749 1968 3800 dicitur=
2008 3757 2082 3799 ·et
2116 3764 2233 3814 quae
2282 3757 2403 3799 sunt
2461 3750 2672 3814 publica

1605 3840 1763 3890 opere
1805 3825 2126 3890 pentndoro:
2166 3840 2281 3890 que
2325 3825 2556 3888 private,
2596 3833 2669 3874 te-

1605 3903 1818 3954 tradoro
1838 3902 2146 3953 struuntur.’
2213 3902 2289 3952 At
2309 3916 2412 3951 non
2437 3903 2564 3952 item
2581 3917 2670 3953 no-

1605 3995 1723 4030 men
1750 3997 1780 4030 s
1803 3995 2046 4033 mensure
2069 3980 2287 4043 primum
2312 3993 2477 4042 genus
2493 3979 2669 4043 habet,

1604 4059 1844 4108 Vitruvio
1865 4066 2021 4119 teste,
2042 4056 2259 4120 ipsoque
2279 4069 2402 4105 mox
2426 4056 2619 4105 Plinio.

1668 4135 1692 4168 ¹³
1726 4137 1890 4185 Dorou
1925 4134 2159 4199 palmum]
2213 4134 2427 4183 Palmus
2451 4143 2666 4198 quatuor

1606 4212 1847 4275 pollieum
1873 4210 2007 4261 fuit:
2035 4224 2125 4276 pes
2149 4209 2463 4261 duodenum.
