3000 4917
2349 375 2524 441 4691

313 528 586 612 Jupiter
624 528 1015 613 hospitalisr
1055 530 1393 613 Pamphili
1436 531 1802 597 Praxitelis
1836 530 2172 615 discipuli.
2263 533 2521 599 Zethus

315 638 385 695 et
411 630 788 714 Amphion·
817 651 899 696 ac
933 632 1136 696 Dirce
1159 640 1213 679 ⁵²
1243 639 1310 696 et
1340 640 1600 711 tantm,
1633 634 2125 717 vinculumque,
2154 654 2242 700 ex
2277 636 2524 704 eodem

312 732 593 816 lapido,t
635 732 886 798 Rhodo
932 735 1219 799 advecta
1247 755 1457 818 opera
1488 735 1835 820 Apollonii
1863 746 1931 801 et
1957 737 2298 801 Taurisci.
2384 739 2522 803 Pa-

313 841 573 897 rentum
604 836 700 899 ii*
729 842 1059 901 certamen
1091 837 1176 900 de
1210 858 1287 901 sc
1319 838 1574 902 fecere:
1627 838 2080 903 Menecratem
2110 838 2326 903 videri
2368 858 2518 923 pro-

309 934 502 1012 fessi,
534 937 652 999 sed
685 957 834 1002 esse
865 940 1229 1003 naturalem
1261 937 1779 1004 Artemidorum.
1850 940 2103 1005 Eodem
2134 941 2292 1005 loco
2318 941 2523 1006 Libet

309 1042 503 1117 pater
533 1037 930 1121 Eutychidis
949 1048 996 1087 ⁵³
1018 1049 1044 1075 V
1073 1041 1410 1105 laudatur.
1503 1040 1616 1105 Ad
1659 1040 1967 1106 Octaviae
1999 1060 2154 1105 vero
2184 1042 2521 1124 porticum

311 1135 568 1217 Apollo
612 1139 889 1206 Philisci
934 1141 1188 1206 Rhodii
1237 1142 1305 1204 in
1337 1141 1619 1205 delubro
1653 1149 1850 1206 squ'
1937 1142 2112 1207 Item
2143 1142 2409 1206 Latona
2451 1147 2522 1204 et

311 1236 560 1318 Diana,
593 1247 660 1305 et
706 1241 927 1307 Musae
969 1264 1235 1319 novem,
1266 1252 1335 1307 et
1364 1244 1533 1308 alter
1564 1244 1815 1328 Apollo
1841 1244 2080 1308 nuduS.
2174 1243 2367 1318 Eum,
2399 1242 2523 1326 qui

310 1339 639 1406 citharam
666 1345 734 1406 in
768 1345 1003 1408 eodem
1036 1347 1286 1428 templo
1318 1352 1529 1423 tenet,
1558 1345 2059 1409 Timarchides*
2081 1346 2259 1409 fecit.
2333 1346 2520 1410 Intra

310 1439 619 1509 Octaviae
653 1466 809 1509 vero
840 1449 1162 1530 porticuS‚
1194 1450 1261 1510 in
1294 1448 1443 1512 aede
1472 1447 1786 1525 sunonis,
1817 1448 2037 1531 ipsam
2086 1448 2349 1512 Deamr
2394 1446 2516 1509 Di·

889 386 1067 435 Na'r.
1114 385 1315 436 nrs'r.
1367 387 1512 435 mn.
1560 387 1845 438 xxxvi.
1887 373 1952 437 4.

1230 1612 1595 1633 ”OOOOOOOOOO

310 1704 514 1771 Chiron,
536 1708 808 1773 Hippiades
829 1697 1076 1775 Stephani,
1102 1712 1294 1774 Merops
1318 1711 1422 1768 Sol,
1443 1726 1537 1760 aon
1568 1708 1808 1760 coelatoris
1830 1707 1948 1760 cod.
1973 1708 2295 1760 Dalm—52
2328 1709 2514 1775 Margo

1299 1873 1514 1926 NOTAE

367 1968 602 2032 *Jupiter
613 1969 880 2034 hospitalis]
897 1969 1056 2023 Ξένιος
1070 1971 1202 2034 Ζεὺς,
1223 1973 1372 2024 Jovis
1450 1972 1658 2037 quidem
1695 1984 1811 2021 esse
1848 1971 2223 2028 Menecratem,
2256 1969 2348 2019 sed
2372 1976 2521 2020 natu-

306 2041 621 2107 epithetum,
659 2047 796 2109 apud
840 2046 1056 2097 Homer.
1095 2049 1284 2111 Odyss.
1321 2053 1372 2101 Ξ.
1449 2048 1610 2097 ralem
1647 2046 2031 2097 Artemidorum
2059 2059 2186 2096 esse.
2251 2046 2519 2098 Incertum

302 2123 421 2169 283.
455 2126 511 2168 et
554 2120 677 2169 alibi
716 2123 923 2184 passim.
996 2122 1134 2172 Hinc
1180 2123 1368 2172 Maro:
1448 2125 1525 2173 sic
1545 2125 1799 2188 reliquere
1817 2130 1934 2172 uter
1954 2135 2142 2185 parens
2160 2121 2330 2171 verius
2350 2122 2521 2185 foret;

299 2199 318 2225 ‘
333 2195 584 2259 Jupiter:
607 2197 892 2260 hospitibus
908 2214 1022 2248 nam
1044 2206 1093 2249 te
1112 2198 1237 2249 dare
1251 2199 1374 2262 jura
1449 2214 1565 2247 cum
1592 2199 1741 2248 alteri
1763 2198 2028 2247 amborum
2048 2203 2235 2254 artem,
2255 2196 2407 2247 alteri
2441 2199 2520 2248 lu·

300 2269 623 2334 loquuntur?
642 2274 741 2322 ὅτε.
1455 2287 1570 2322 cem
1591 2273 1864 2321 deberent.

365 2354 384 2379 ⁸
416 2346 599 2396 Zethus
628 2352 675 2396 et
713 2346 974 2410 Amphion]
1006 2350 1152 2406 Ζῆθος
1184 2355 1239 2397 et
1257 2350 1370 2410 Ἀμ-

302 2420 421 2484 φίων
464 2421 676 2479 fratres,
719 2439 752 2471 a
786 2425 970 2487 quibus
1007 2424 1213 2474 Thebas
1259 2439 1370 2474 esse

303 2499 538 2547 conditas
563 2506 744 2548 auctor
766 2507 846 2548 est
869 2513 936 2549 ex
971 2500 1202 2550 Homero
1236 2500 1372 2548 Pau-

299 2573 467 2624 sanias
489 2574 581 2622 lib.
619 2587 683 2622 n.
718 2589 769 2637 p.
800 2578 886 2624 96.
936 2575 952 2603 ‘
975 2574 1279 2624 lii-Dircen
1304 2575 1369 2624 ad

302 2655 509 2700 taurum
569 2649 873 2698 indomitum
929 2649 1209 2714 deligatam
1265 2652 1372 2699 vita

299 2723 607 2787 privarunt:
643 2724 808 2789 inquit
846 2723 1087 2789 Hyginus
1113 2726 1239 2775 Fab.
1270 2739 1374 2776 vir.

298 2800 435 2850 Vide
471 2808 528 2850 et
564 2801 797 2858 Suidam,
835 2801 993 2852 verbo
1029 2800 1273 2866 Ἀντιόπη,
1318 2810 1371 2851 et

298 2876 551 2938 Apollod.
575 2877 643 2926 de
666 2878 776 2927 Diis
804 2878 894 2927 lib.
926 2892 1015 2928 ιιι.
1039 2893 1156 2941 pag.
1183 2883 1292 2928 179.
1315 2886 1371 2929 et

297 2951 550 3015 Propert.
570 2966 653 3001 m.
679 2957 761 3002 13.
795 2954 1043 3004 Floruere
1066 2954 1215 3003 ambo
1238 2969 1370 3003 anno

298 3025 480 3076 mundi
507 3030 655 3076 3412.
688 3027 898 3077 Debora
927 3028 1131 3080 Judaeis
1163 3029 1369 3092 imperi·

299 3107 462 3151 tante.
531 3101 809 3166 Hodieque
844 3102 896 3150 id
935 3102 1262 3154 simulacrum
1297 3105 1369 3154 vi·

298 3180 430 3229 sitnr
452 3181 506 3229 iu
543 3180 749 3229 Palatio
786 3181 1177 3231 Farnesiorum:
1233 3183 1369 3230 unde

300 3264 354 3305 et
375 3257 453 3305 illi
489 3254 837 3306 Romanorum
873 3257 1054 3321 vulgus
1088 3272 1273 3307 nomen
1295 3258 1370 3306 iu·

299 3329 453 3393 didit,
489 3331 537 3380 11
573 3332 694 3381 Toro
726 3332 959 3395 Farnese,
989 3331 1089 3383 hoc
1112 3340 1213 3391 est,
1233 3334 1368 3384 Tau·

298 3421 409 3456 rum
434 3408 831 3458 Farnesianum.

279 3513 289 3520 -
362 3487 379 3517 ῑ
417 3486 499 3534 Ex
518 3486 678 3534 eodem
696 3485 875 3549 lapide]
900 3484 965 3535 Id
990 3499 1114 3535 vero
1137 3486 1369 3551 inprimis

299 3561 560 3625 singulare
584 3567 696 3609 est:
733 3560 868 3625 quod
906 3570 962 3611 et
1001 3562 1053 3610 in
1088 3561 1187 3610 alio
1211 3577 1370 3625 opere

300 3636 503 3699 pariter
532 3635 690 3684 Plato
712 3634 1001 3686 demiratur
1024 3638 1119 3687 boc
1142 3638 1370 3688 versieu-

299 3714 367 3768 lo,
413 3712 632 3762 Authol.
679 3726 757 3761 iv.
802 3717 883 3763 18.
936 3711 1018 3763 Εἷς
1055 3712 1209 3778 λίθος,
1245 3711 1371 3776 ἅρμ’,

299 3787 498 3851 ἐλατὴρ,
510 3785 666 3847 ἵπποι,
688 3785 849 3850 (mbr,
864 3786 988 3852 ἡνία,
1020 3786 1209 3851 μάστιξ.
1257 3790 1307 3839 F
1306 3791 1374 3839 la-

298 3878 464 3927 grum,
482 3878 673 3922 cums,
697 3865 825 3928 equi,
848 3864 1081 3925 frenum,
1103 3866 1251 3929 juga,
1282 3865 1376 3926 vir,

299 3941 425 4005 lapis
446 3955 589 3990 um.

364 4026 389 4051 ¹¹
422 4018 694 4067 Parentum
729 4015 795 4079 ii]
830 4018 1030 4068 Fecere
1054 4018 1090 4067 ii
1124 4025 1182 4068 ut
1206 4024 1376 4068 certa·

302 4102 421 4145 rent
446 4094 584 4142 inter
610 4108 668 4142 se
706 4094 826 4156 duo,
851 4101 968 4144 uter
993 4094 1164 4144 verius
1189 4107 1378 4157 parens

301 4172 528 4235 ipsorum
547 4170 849 4231 diceretur3
874 4186 989 4222 cum
1015 4169 1239 4235 professi
1261 4176 1381 4219 suut

306 4248 357 4297 in
397 4252 687 4298 statuarum
733 4246 1157 4311 inscriptionibus
1213 4244 1380 4295 videri

1512 2356 1537 2382 v
1570 2346 1878 2413 Eutychidis]
1922 2347 2008 2397 Sic
2047 2348 2161 2398 libri
2188 2348 2347 2398 etiam
2386 2347 2518 2398 Mss.

1448 2423 1768 2486 Eutychides
1783 2423 2067 2486 Sicyonius,
2085 2423 2302 2487 Lysippi
2322 2429 2521 2473 statua·

1449 2500 1514 2547 rii
1535 2499 1837 2562 discipulus,
1867 2499 2111 2548 laudatur
2133 2514 2164 2547 a
2182 2499 2446 2548 Pausania
2482 2499 2517 2548 Ι.

1450 2589 1531 2623 vr.
1556 2588 1677 2638 pag.
1701 2578 1817 2623 346.
1853 2574 1952 2623 Ille
1986 2574 2244 2635 nimirum,
2266 2587 2417 2638 quem
2441 2573 2521 2623 in·

1450 2657 1536 2700 ter
1558 2651 1768 2699 fictores
1792 2665 1858 2697 ex
1902 2664 2006 2697 aere
2041 2649 2242 2699 Plinius
2280 2657 2402 2698 ante
2427 2664 2518 2698 au·

1449 2724 1801 2774 numeraverit
1828 2736 2028 2774 xxxiv.
2049 2727 2128 2773 19.
2163 2723 2237 2773 At
2259 2725 2343 2773 hic
2365 2725 2432 2773 ab
2454 2738 2518 2774 eo
2586 2783 2592 2790 ,

1447 2802 1716 2851 diver-sust
1773 2814 1892 2850 nam
1945 2799 2183 2848 Milesius
2217 2800 2516 2863 appellatur

1448 2878 1500 2925 in
1538 2878 1926 2939 Epigrammata
1981 2881 2063 2923 sat
2108 2881 2324 2924 venusto
2377 2873 2519 2938 apud

1447 2952 1749 3014 Gruterum,
1774 2964 1894 3013 pag.
1920 2953 2064 2998 1147.
2110 2948 2522 3012 Πραξιτέλους.ἥν-

1446 3029 1558 3075 θουν
1592 3023 1790 3085 λαοξόος
1827 3023 1932 3072 οὔτι
1958 3023 2174 3086 χερείων,
2198 3025 2274 3073 'Es
2309 3026 2350 3073 δ’
2375 3024 2521 3074 ἐτέων

1445 3102 1614 3153 δισσὰς
1634 3102 1809 3160 ἤλυθον
1846 3098 2094 3160 hymnica.
2157 3101 2350 3162 Οὕνομα
2370 3102 2409 3150 δ’
2431 3101 2519 3150 Εὖ·

1443 3178 1664 3240 τυχέδης·
1720 3176 2014 3240 ψευδώνυμον
2047 3175 2181 3225 ἀλλά
2231 3195 2294 3238 με
2344 3176 2520 3239 δαίμων

1440 3259 1595 3315 Θῆκεν
1615 3253 1890 3319 ἀφαρπάξας
1912 3253 2107 3305 barura?
2140 3254 2205 3305 εἷς
2226 3256 2352 3307 awa.
2408 3258 2513 3308 Par

1442 3351 1532 3397 ego
1560 3334 1807 3385 Praxiteli
1814 3334 2033 3393 formare
2064 3335 2116 3383 iu
2151 3349 2382 3384 marmore
2411 3336 2519 3384 vul-

1446 3416 1525 3460 tus
1541 3427 1558 3459 .·
1594 3411 1713 3459 Tota
1728 3411 1809 3458 sed
1828 3423 2058 3458 annornm
2072 3409 2174 3459 vitu
2189 3409 2263 3459 bis
2275 3414 2378 3459 octo
2388 3409 2518 3470 suit.

1447 3485 1743 3550 Eutychides
1772 3484 1892 3534 milii
1926 3500 2092 3534 nomen
2123 3490 2227 3535 erat
2241 3503 2258 3535 .·
2290 3488 2372 3535 sed
2392 3483 2521 3544 fecit

1445 3568 1499 3611 ut
1541 3567 1663 3612 esset
1700 3562 1808 3612 Hoc
1851 3562 2040 3622 fulsum
2080 3562 2272 3625 rapiens
2307 3576 2380 3611 me
2421 3563 2518 3611 cito

1446 3638 1608 3687 Parca
1624 3638 1786 3686 nimis.

1512 3723 1543 3748 w
1590 3715 1653 3761 In
1694 3713 1888 3762 delubro
1923 3711 2032 3775 suo]
2085 3713 2234 3762 luter
2276 3710 2515 3771 Octavijae

1449 3803 1629 3851 opera,
1656 3795 1715 3836 ut
1739 3787 1931 3850 saepius
1961 3786 2205 3847 diximus,
2243 3801 2360 3838 cum
2400 3800 2520 3850 por·

1451 3867 1559 3915 ticu
1599 3864 1745 3914 fuere
1788 3864 1926 3913 aedes
1958 3861 2218 3927 Apollinis
2254 3870 2311 3913 et
2356 3864 2520 3915 Juno-

1453 3956 1555 3992 ms.

1518 4023 1544 4049 ⁸
1580 4015 1924 4077 Timarchides]
1938 4011 2227 4077 Τιμαρχίδης
2243 4015 2521 4075 statuarius,

1452 4107 1481 4141 s
1508 4091 1771 4141 Pausania
1795 4090 2025 4140 laudatur
2043 4091 2275 4155 inprimis
2290 4092 2326 4143 1.
2350 4105 2520 4143 xvru·

1457 4184 1509 4233 p.
1532 4172 1648 4217 675.

1523 4252 1546 4288 r
1579 4244 1741 4307 Ipsam
1760 4242 1940 4306 Deam]
1969 4242 2242 4295 Junonetn.
