3000 4917
1143 441 1445 492 AUCTOR
1455 442 1500 492 U
1514 444 1562 490 Μ
1575 472 1592 489 .
2290 434 2468 500 4949

251 588 260 600 ’
315 582 445 635 Sura
470 583 735 635 Mamilius.
803 582 941 635 Vide
961 582 1230 635 Mamilius.

1334 715 1396 767 T.

320 814 618 878 Tarquitius.
681 812 840 879 Apud
862 813 1186 864 Ammiauum
1212 814 1454 865 Marcell.
1476 813 1570 864 lib.
1593 826 1739 864 xxv.
1761 828 1817 881 p.
1836 819 1953 870 289.
2017 817 2468 884 Tarquitlauorum

250 892 507 946 librorum
528 893 590 945 fit
611 894 840 945 mentio:
861 900 917 946 et
936 893 1076 959 apud
1096 894 1337 945 Macron.
1358 893 1573 943 Satara.
1594 907 1685 944 ιιι.
1705 899 1757 945 7.
1778 909 1830 959 p.
1859 900 1974 947 899.
1992 896 2249 962 Tarquitii
2274 898 2470 950 Osten-

253 975 445 1025 tarium
465 977 689 1027 Tuscum
713 975 974 1026 laudatur.
1039 975 1194 1027 Unde
1217 973 1548 1025 emendamus
1566 975 1790 1028 alterum
1812 977 2072 1028 Macrobii
2092 978 2283 1036 locum,
2306 992 2369 1029 ιι.
2387 984 2469 1030 lo.

252 1070 308 1121 p.
328 1060 447 1107 8⁷8.
475 1057 566 1106 ubi
587 1057 605 1086 ‘
620 1056 931 1123 Tarquinius
956 1057 1170 1109 Priscus
1204 1056 1257 1106 iu
1280 1057 1571 1107 ostentario
1591 1056 1860 1108 arborarlo
1875 1057 1889 1080 '
1928 1058 2141 1124 legitur,
2172 1074 2291 1109 cua·
2311 1060 2470 1110 scribi

255 1146 521 1202 oporteat,
564 1138 898 1205 ‘Tarquitius
924 1137 1218 1197 Etruscus‚'
1260 1140 1348 1189 vel
1375 1137 1646 1188 ‘Tuscum’
1712 1140 1800 1189 Sic
1835 1146 1982 1190 vetus
2019 1139 2289 1204 inscriptio
2332 1142 2470 1205 apud

255 1219 476 1270 Gruter.
516 1224 703 1284 p-oeo.
772 1233 819 1270 ι..
840 1232 1170 1275 wanovtvto.
1209 1233 1257 1270 ι..
1290 1232 1340 1269 r.
1373 1232 1515 1269 ιὀιι.
1557 1232 1815 1271 unvano.
1850 1233 2199 1273 snmcuuo.
2232 1234 2471 1273 scamas.

256 1311 589 1354 Qvansrom.
638 1300 790 1352 Alius
811 1309 892 1352 est
904 1301 1201 1367 Tarquitius
1225 1300 1457 1364 Priscus,
1477 1301 1741 1365 Bithynia
1764 1303 2062 1367 proconsul,
2086 1296 2311 1360 Neronis
2331 1303 2472 1367 prin-

257 1382 459 1447 cipatu,
489 1382 557 1433 de
579 1397 682 1447 quo
703 1382 921 1433 Tacitus
943 1381 1133 1432 Annal.
1153 1396 1273 1432 nv.
1297 1395 1349 1445 p.
1367 1385 1487 1433 234.

324 1463 573 1527 Tarutius,
594 1463 925 1514 Proeuomiue
948 1463 1159 1525 Lucius,
1181 1470 1300 1514 ortu
1323 1463 1620 1525 Firmanus,
1651 1463 1866 1527 insignis
1890 1464 2321 1529 Mathematicus,
2341 1466 2474 1516 Var—

257 1544 374 1596 roni
401 1543 675 1595 familiaris
709 1550 767 1596 ct
804 1544 1065 1602 Ciceroni,
1102 1543 1293 1608 dequo
1327 1544 1647 1596 Plutarchus
1669 1544 1722 1593 in
1745 1544 1985 1602 Romulo,
2024 1560 2076 1608 p.
2110 1548 2195 1596 24.
2263 1546 2473 1597 Grecis

255 1623 526 1691 ‘repetire-s.
590 1626 798 1676 Solinus
842 1640 889 1676 c.
911 1628 958 1676 1.
992 1640 1046 1690 p.
1082 1629 1133 1676 2.
1175 1624 1671 1675 Mathematieorum
1706 1625 2082 1676 nobilissimum
2122 1634 2297 1678 vocat.
2362 1626 2472 1677 Pli-

258 1707 373 1758 nius
394 1707 451 1758 in
475 1707 663 1758 Indice
699 1707 789 1759 lib.
814 1720 982 1757 xvnr.
1015 1706 1207 1760 Graece
1241 1705 1311 1756 de
1346 1708 1503 1757 astris
1538 1706 1817 1770 scripsisse
1845 1706 1938 1756 ait.
1997 1707 2181 1757 Cicero
2202 1706 2271 1758 de
2295 1707 2472 1758 Divin-

259 1788 349 1839 lib.
369 1802 438 1838 ιι.
472 1804 527 1855 p.
549 1793 665 1840 251.
698 1788 938 1852 inprimis
961 1787 1256 1839 Chaldaicis
1281 1786 1570 1837 rationibus
1591 1786 1751 1837 fuisse
1774 1787 2051 1837 eruditum.

328 1869 542 1920 Tauron.
607 1869 693 1920 An
736 1869 946 1919 mnan
985 1867 1192 1933 potius?
1272 1870 1412 1920 Nam
1450 1868 1637 1919 Groeci
1678 1866 1922 1933 Ταυρίωνα
1963 1859 2180 1918 vocante
2231 1881 2336 1933 quo
2380 1881 2471 1917 uo-

262 1950 401 2000 miue
435 1951 737 2016 appellatur
767 1949 1097 2001 Macedoniis
1132 1957 1441 2014 procurator
1481 1949 1578 2000 sub
1598 1947 1867 2014 Antigono
1891 1950 2055 2013 Rege,
2093 1947 2234 2013 apud
2278 1948 2470 2012 Polyb.

261 2031 349 2088 tib.
371 2045 454 2082 lv.
491 2046 544 2096 p.
583 2034 699 2082 888.
1332 2065 1339 2072 .
2321 2029 2325 2038 '

329 2112 564 2176 Terg-illa.
629 2112 696 2162 In
733 2110 919 2164 Indice
951 2110 1043 2162 lib.
1069 2124 1190 2161 xlv.
1218 2110 1460 2163 laudatur
1499 2126 1533 2160 a
1574 2110 1769 2174 Plinio,
1810 2116 1870 2161 ut
1904 2109 1972 2160 de
2007 2106 2392 2174 Agricolationc
2430 2108 2474 2158 is

264 2194 536 2258 scripsisse
558 2194 815 2245 videatur.

330 2274 505 2326 mles
522 2274 784 2338 Milesius,
806 2288 936 2325 uuus
956 2289 987 2325 e
1011 2272 1333 2339 sapientibus
1351 2278 1576 2338 septem,
1598 2278 1760 2338 atquc
1784 2270 1915 2323 adeo
1936 2271 2131 2336 primus
2151 2269 2475 2336 sapiensap-

267 2356 520 2420 pellatust
555 2355 704 2420 quus
734 2355 910 2405 Vitam
940 2354 1195 2405 describit
1233 2352 1493 2416 Laertius,
1531 2368 1585 2417 p.
1617 2358 1669 2403 9.
1733 2353 1816 2402 De
1838 2367 1900 2403 eo
1922 2353 2193 2417 eleganter
2217 2350 2474 2417 Apuleius

267 2436 463 2487 Florid·
493 2435 584 2487 lib.
617 2448 695 2487 tv.
729 2451 783 2501 p.
801 2439 888 2487 28.
921 2435 938 2463 ‘
963 2435 1085 2487 Fuit
1117 2434 1437 2485 Geometrioe
1476 2448 1640 2499 penes
1675 2434 1867 2485 Graios
1898 2434 2100 2498 primus
2136 2438 2390 2495 repertor,
2418 2438 2476 2482 et

266 2528 472 2569 nature
497 2532 668 2568 rerum
697 2516 1016 2568 certissimus
1038 2516 1361 2581 explorator,
1393 2523 1450 2568 et
1480 2521 1746 2565 astrorum
1774 2514 2118 2580 peritissimus
2152 2513 2476 2577 contempla-

267 2606 351 2649 tor
369 2634 384 2649 .
402 2631 420 2649 .
438 2632 458 2648 .
475 2605 765 2664 temporum
788 2596 1032 2659 ambitus,
1054 2603 1329 2648 ventorum
1352 2593 1529 2659 ssatus,
1548 2595 1814 2645 stellarum
1837 2603 2058 2652 meatus,
2086 2595 2373 2644 tonitruum
2394 2608 2476 2645 so-

268 2693 395 2730 nora
430 2680 701 2736 miracula,
737 2677 967 2729 siderum
1003 2677 1211 2744 obliqua
1248 2676 1528 2738 curricula,
1570 2676 1705 2726 Solis
1743 2690 1914 2727 annua
1952 2674 2300 2734 reverticula3
2333 2672 2474 2738 idem

267 2760 428 2810 Luna
474 2760 557 2810 vel
592 2761 851 2811 nascentis
889 2759 1232 2821 incrementa,
1266 2759 1350 2808 vel
1379 2758 1735 2808 decrescentis
1754 2754 2065 2821 dispendia‚'
2088 2759 2191 2807 διο.
2258 2758 2341 2808 De
2363 2758 2475 2822 ejus

270 2850 446 2900 etate.
470 2855 536 2892 11.
559 2845 610 2892 7.
663 2840 904 2906 Scripsit
937 2841 1043 2892 duo
1080 2840 1338 2890 volumius
1369 2837 1478 2903 περὶ
1506 2839 1688 2903 rpus-iis
1716 2835 1798 2888 καὶ
1822 2836 2081 2902 ἰσημερίας,
2103 2838 2163 2887 de
2185 2836 2407 2888 Sammo
2426 2843 2478 2889 st

270 2924 606 2988 AEqaimetioae
627 2923 786 2973 etiam
807 2928 866 2972 ct
883 2921 949 2973 de
964 2920 1301 2974 Astronomia
1320 2934 1534 2971 carmen
1555 2920 1795 2971 versibus
1816 2919 2078 2976 ducentis.
2097 2925 2232 2968 teste
2247 2918 2477 2976 Laertio,

271 3015 325 3069 p.
345 3008 398 3055 6.
420 3012 480 3055 ct
501 3008 552 3053 9.

339 3086 593 3138 m
615 3084 941 3138 Laodicenus
960 3084 1147 3149 Syrus,
1169 3082 1409 3147 Pompeii
1445 3082 1525 3132 M.
1560 3086 1718 3133 atate
1751 3080 1903 3130 vixit.
1967 3079 2171 3130 Novam
2206 3078 2476 3131 medicina

275 3165 513 3216 condidit
532 3174 748 3224 sectam,
772 3173 909 3217 teste
930 3166 1150 3230 Seneca,
1171 3179 1258 3229 ep.
1273 3168 1363 3216 96.
1391 3164 1408 3192 ‘
1427 3161 1551 3213 Alia
1571 3160 1694 3224 est‚’
1727 3161 1918 3226 inquit,
1949 3162 1966 3191 ⁶
1989 3160 2331 3224 Hippocratis
2363 3173 2477 3210 seo-

277 3254 351 3306 ta.
373 3247 478 3297 alia
501 3245 844 3312 Asclepiadis,
880 3247 981 3296 alia
1011 3243 1373 3296 Themisonis!
1435 3244 1572 3295 Hac
1601 3241 1906 3293 Methodica
1930 3246 2013 3291 est
2043 3242 2323 3291 nominata.
2388 3247 2477 3292 Θε-

276 3326 421 3389 μίσων
445 3326 685 3377 laudatur
708 3343 739 3378 a
763 3328 1074 3378 Democrate
1109 3325 1249 3390 apud
1287 3326 1549 3377 Galenum
1587 3324 1712 3374 κατὰ
1735 3321 1929 3379 τόπους,
1959 3334 2061 3372 vn.
2081 3325 2133 3372 2.
2168 3336 2221 3386 p.
2244 3326 2360 3373 ⁵³6.
2424 3321 2478 3373 A

277 3409 434 3459 Celso
457 3410 509 3458 in
531 3408 692 3459 Puer.
712 3407 803 3459 lib.
824 3422 866 3461 1.
894 3406 1152 3460 Juvenale
1175 3408 1287 3459 Sat.
1310 3420 1367 3456 x.
1389 3410 1508 3457 221.
1539 3406 1557 3435 ‘
1582 3405 1727 3457 Quot
1744 3403 2015 3454 Themison
2038 3416 2208 3468 aegros
2229 3410 2477 3454 autumno

277 3488 535 3540 occiderit
558 3487 692 3540 uno.’
756 3489 997 3544 Summus
1020 3494 1204 3539 auctor
1226 3494 1442 3539 vocatur
1463 3502 1495 3537 a
1515 3486 1698 3540 'Plinio
1717 3499 1836 3537 xiv.
1858 3488 1938 3535 21.
2005 3484 2323 3535 Themisonis
2342 3484 2479 3535 liber

279 3571 478 3634 primns
497 3569 784 3624 Tardarum
806 3570 1114 3638 Passionum
1136 3569 1329 3626 citatur
1347 3584 1381 3619 a
1397 3568 1566 3620 etalio
1583 3567 1761 3619 Aurel-
1781 3566 1975 3618 Chrou.
1991 3570 2095 3616 ι.1.
2146 3565 2302 3615 Liber
2323 3578 2476 3630 quar-

283 3656 366 3700 tus
388 3651 759 3716 Epistularum,
780 3650 848 3701 ab
869 3650 1053 3702 codem
1076 3655 1235 3702 ιιι.6.
1302 3648 1459 3700 Liber
1496 3649 1769 3711 Salutaris,
1803 3661 1868 3698 u.
1907 3651 1959 3697 7.
2024 3646 2174 3696 Solus
2210 3658 2239 3694 e
2281 3644 2477 3695 Latinis

283 3731 348 3781 de
369 3732 756 3796 Elephantiasis
777 3731 1056 3796 curatione
1080 3732 1306 3796 scripsit,
1329 3730 1500 3796 inquit
1522 3730 1661 3780 idem
1700 3743 1774 3779 ιν.
1816 3733 1863 3778 l.
1927 3727 2201 3791 singulare
2240 3726 2478 3775 volumen

284 3812 350 3864 de
374 3812 560 3863 Herba
579 3812 890 3876 Plautsssine
921 3811 1166 3863 laudatur
1187 3825 1218 3860 a
1238 3810 1413 3863 Plinio
1434 3824 1569 3861 xxv.
1588 3814 1672 3860 29.

346 3896 701 3947 neomutus.
762 3893 960 3944 Rerum
1011 3891 1342 3955 Libycarum,
1381 3904 1510 3957 quas
1546 3888 1923 3942 'theochrestus
1957 3884 2252 3951 descripsit,
2287 3885 2474 3940 librum

285 3977 509 4039 primum
530 3976 662 4030 citat
682 3974 946 4041 Apollonii
966 3974 1286 4032 scholiastes,
1304 3972 1369 4023 ad
1387 3973 1479 4023 lib·
1498 3985 1578 4022 xv.
1601 3986 1675 4022 rs.
1699 3973 1843 4020 1760.

352 4056 621 4107 modom
639 4056 903 4119 Medicus,
933 4069 1085 4120 quem
1123 4054 1327 4104 Plinius
1361 4053 1542 4104 laudat
1574 4064 1672 4101 xx.
1700 4055 1784 4100 40.
1850 4048 1905 4100 Is
1942 4046 2182 4098 Athenai
2209 4047 2476 4112 cuiusdam

289 4134 450 4185 fuisse
470 4136 760 4202 discipulus
783 4136 1007 4187 traditur
1029 4151 1062 4186 a
1085 4134 1319 4195 Latinio,
1343 4135 1398 4184 iu
1418 4132 1714 4196 Aristippo,
1733 4130 1825 4181 lih.
1851 4145 1916 4181 u.
1940 4145 1992 4194 p.
2011 4133 2094 4179 68.

358 4218 656 4269 Theano-ms.
719 4219 853 4270 Qum
884 4216 954 4266 de
987 4216 1188 4266 electro
1221 4213 1449 4279 scripsit,
1483 4209 1785 4262 referuntur
1816 4225 1848 4261 s
1880 4208 2055 4260 Plinio
2087 4221 2315 4260 xxxvii.
2351 4211 2432 4258 11.

351 4297 700 4351 neomutus.
787 4296 965 4364 Hujus
1005 4296 1182 4363 capita
1222 4294 1459 4363 quadam
1503 4297 1691 4345 extant
1738 4291 1807 4343 de
1862 4289 2295 4357 Mulomedicina,
2339 4289 2477 4340 inter
