3000 4917
2319 390 2492 456 4441

301 559 416 622 aut
444 553 733 618 fictilia'·
785 520 1080 620 Deorum
1130 551 1496 617 simulacra
1540 550 1608 613 in
1653 545 1949 614 delubris
1989 549 2235 620 dicata,
2276 567 2488 633 usque
2581 589 2590 600 ·

299 655 380 719 ad
425 654 760 719 devictam
802 656 1060 730 Asiam,
1097 654 1270 717 unde
1320 651 1641 716 luxuria.⁶
1726 649 2214 715 Similitudines
2261 651 2496 734 ‘expri-

297 756 515 820 mendi
544 776 699 839 quae
732 757 949 839 prima
978 755 1174 820 fuerit
1206 753 1415 835 origo,
1440 755 1510 816 in
1543 773 1627 819 ea
1659 771 1858 837 quam
1893 753 2263 837 plasticen⁰
2292 752 2491 818 Grae-

836 411 1011 460 uxr.
1059 407 1257 458 ms‘r.
1308 407 1454 460 mn.
1499 404 1788 455 xxxiv.
1831 391 1937 456 17.

299 857 358 920 ci
387 861 654 933 vocant,
686 856 822 921 dici
865 856 1365 922 convenientius
1411 858 1567 920 erit:
1613 855 1857 919 etenim
1887 854 2090 937 prior,
2122 873 2324 936 quam
2354 862 2486 919 sta-
2592 908 2603 920 .

298 959 537 1036 tuaria,
578 958 757 1024 .fuit.-
836 958 976 1023 Sed
1030 958 1223 1022 haecP
1279 958 1377 1022 ad·
1414 957 1748 1021 ‘infinitum
1800 955 2085 1021 effloruit
2129 954 2488 1037 multorum

294 1060 707 1124 voluminum
770 1079 1005 1143 opere,
1058 1060 1121 1124 si
1172 1060 1328 1143 quis
1387 1060 1583 1142 plura
1639 1059 1954 1142 persequi
2001 1057 2196 1122 velit:
2262 1056 2490 1120 omnia

288 1165 465 1225 enim
497 1161 652 1245 quis
681 1162 944 1245 possit‘l
965 1169 992 1214 ⁷

374 1273 582 1327 xvn.
630 1261 713 1326 In
754 1261 856 1326 M.
895 1263 1131 1327 Scauri
1156 1272 1183 1299 ⁸
1221 1262 1544 1329 aedilitate
1595 1263 1726 1328 tria
1773 1261 1983 1328 millia
2031 1262 2369 1342 signorum
2418 1258 2486 1322 in

292 1367 503 1429 s'cena
532 1367 792 1429 tantum
822 1364 1011 1430 fuere
1045 1363 1451 1447 temporario
1470 1361 1498 1400 ¹’
1538 1363 1837 1429 theatro.¹
1926 1362 2344 1427 Mummius⁰
2367 1359 2486 1424 de-

1205 1527 1575 1550 OOOWNOOO

288 1633 316 1677 5
350 1627 500 1678 Idem
526 1613 661 1679 'Veh
685 1635 843 1679 tamen
879 1613 1096 1695 putarem
1118 1646 1235 1681 esce.
1291 1630 1456 1680 Paulo
1495 1636 1631 1695 post,
1670 1628 1789 1679 eod.
1824 1628 2005 1679 Delec.
2045 1591 2230 1677 centum
2260 1631 2309 1676 et
2329 1627 2485 1675 decem

287 1697 555 1743 staturum
577 1694 719 1755 signa
747 1693 1105 1744 vocainim—e
1136 1695 1258 1746 Vet.
1303 1696 1490 1745 Dalec.
1525 1696 1651 1744 unde
1687 1694 1879 1757 irrepsit
1912 1698 1963 1742 et
1992 1693 2296 1743 traxerim—7
2330 1690 2480 1740 Idem

288 1756 406 1809 Vet.
430 1760 696 1809 nwltarum
711 1759 973 1823 imaginum
986 1776 1032 1810 ο.
1054 1761 1100 1809 si
1115 1761 1222 1825 quis
1235 1761 1398 1824 ,dures
1410 1776 1466 1825 p.
1487 1760 1606 1811 velit
1621 1776 1639 1810 .-
1660 1773 1818 1809 onnes
1831 1758 1976 1823 esim,
2000 1760 2080 1821 ξε.

343 1993 367 2019 “
399 1984 726 2051 deific-tilia]
759 1985 884 2050 Ipsa
903 1985 1052 2039 Jovis
1074 1986 1270 2050 effigies
1291 1990 1344 2037 in
1424 2002 1489 2035 ex
1514 1986 1722 2051 publico
1741 1983 2131 2036 dotaverit.’--‘
2149 1983 2243 2033 Est
2264 1983 2317 2031 in
2338 1983 2486 2032 AEne-

285 2059 546 2123 Capitolio
579 2076 612 2109 a
645 2062 923 2124 Tarquinio
954 2062 1138 2113 Prisco
1167 2064 1346 2113 dicata
1420 2064 1510 2114 ide
1539 2065 1684 2113 locus
1717 2063 1783 2112 ab
1822 2059 2198 2124 interpretibus
2233 2059 2482 2107 hactenns

281 2134 454 2184 fictilis
471 2135 593 2199 fuit,
612 2138 685 2186 ita
702 2138 957 2201 prodente
975 2139 1149 2189 Plinio
1171 2153 1345 2190 xxxv.
1422 2148 1747 2203 praepostere
1783 2139 2103 2197 intellectus,
2133 2150 2207 2185 vr.
2230 2140 2344 2185 831.
2367 2151 2481 2199 sqq.

284 2216 362 2262 ⁴5·
544 2279 549 2284 ·
1422 2219 1438 2244 ⁸
1461 2213 1754 2280 Aggeribus
1778 2229 1923 2264 socer
1942 2211 2147 2277 Alpinis
2183 2219 2338 2275 atque
2360 2226 2481 2261 aree

336 2295 364 2321 ⁰
395 2289 560 2345 Qum
590 2290 848 2354 plasticen]
884 2292 1185 2341 Fictricem.
1244 2291 1343 2341 Ars
1374 2303 1381 2310 ’
1422 2291 1650 2340 Monoeci
1667 2290 2038 2351 Descendeus3
2070 2300 2230 2351 gener
2246 2286 2481 2340 adversis

283 2370 358 2413 est
380 2378 451 2414 ex
479 2364 665 2428 argilla
686 2367 770 2414 vel
802 2375 948 2416 creta
970 2382 1141 2418 rerum
1164 2368 1343 2417 simili·
1419 2366 1702 2416 instructus
1722 2367 1862 2415 Eois.
1932 2364 2035 2425 Ne,
2059 2362 2222 2426 pueri,
2243 2376 2308 2412 ne
2333 2367 2482 2411 tauta

283 2435 493 2490 tudines
515 2440 836 2502 exprimens.
1421 2442 1606 2490 animis
1642 2440 1921 2491 assuescite
1943 2440 2112 2489 bella:
2154 2439 2270 2488 Neu
2294 2438 2477 2499 patriae

337 2523 363 2556 Ρ
393 2515 500 2565 Sed
521 2516 645 2578 boec]
675 2516 962 2578 statuaria,
985 2532 1050 2567 ex
1074 2533 1199 2568 aere.
1420 2518 1615 2567 validas
1647 2519 1699 2567 in
1728 2518 1929 2566 viscera
1950 2514 2146 2565 vertite
2173 2514 2339 2563 viresa
2372 2514 2421 2562 T
2422 2528 2478 2562 u-

340 2599 364 2625 ·
396 2592 462 2641 In
489 2592 566 2639 Μ.
593 2592 790 2654 Scauri]
825 2594 910 2642 De
947 2607 1011 2642 eo
1046 2595 1208 2643 multa
1245 2593 1340 2644 As·
1418 2607 1521 2657 que
1553 2594 1714 2657 prior.
1736 2599 1793 2642 tu
1826 2605 2005 2654 parce,
2025 2603 2188 2653 genus
2210 2589 2298 2653 qui
2329 2588 2477 2638 ducis

278 2668 458 2718 conius
502 2667 720 2717 Pedion.
754 2668 808 2717 in
847 2668 999 2719 Orat.
1034 2670 1204 2719 Cicer.
1246 2684 1340 2733 pro
1418 2668 1681 2733 Olymp03
1720 2668 1927 2733 Projice
1951 2668 2056 2717 tela
2077 2666 2478 2729 manu,sanguis

277 2756 362 2791 eo:
408 2744 582 2792 multa
617 2741 821 2791 Plinius
858 2743 1113 2806 similiter,
1151 2745 1217 2794 de
1252 2759 1339 2809 ge-

276 2831 396 2869 nere
431 2820 565 2882 ejus,
601 2819 669 2868 de
703 2818 952 2882 moribus,
984 2828 1038 2869 et
1063 2820 1336 2884 minitare,

277 2899 584 2944 xxxv1.24.

334 2969 358 3003 ¹·
393 2965 722 3034 Temporarssio]
756 2972 861 3022 Vix
895 2988 996 3023 uno
1033 2988 1210 3026 mense
1245 2976 1338 3024 du-

276 3055 476 3108 raturo,
519 3054 580 3095 ut
622 3046 827 3097 dicetur
877 3062 1083 3099 xxxvi.
1125 3054 1176 3100 2.
1219 3066 1335 3099 cum

274 3130 411 3170 stent
436 3124 488 3170 in
513 3122 660 3171 Urbe
685 3131 880 3173 cetera.
947 3126 1334 3188 Temporariam

273 3196 385 3259 ejus
410 3197 604 3247 theatri
628 3214 820 3248 moram
839 3199 1038 3250 Plinius
1062 3200 1136 3250 ait
1158 3199 1336 3264 fuisse,

268 3273 386 3322 loco
410 3274 650 3336 proxime
673 3274 856 3323 citato.

331 3356 352 3381 ⁰
383 3346 679 3408 Mummius]
718 3347 972 3398 Achaicus
996 3349 1104 3405 ille.
1129 3351 1196 3400 de
1228 3367 1332 3416 quo

270 3439 362 3474 nos
401 3425 530 3475 alias
568 3427 774 3489 saepius.
834 3425 1015 3477 Aurel.
1047 3427 1233 3477 Victor
1265 3429 1332 3479 de

270 3499 409 3549 Viris
466 3500 665 3549 Illustr.
713 3514 830 3563 cap.
878 3504 961 3549 6⁰.
1011 3502 1332 3552 ‘Mummius

272 3575 574 3625 Corinthum
623 3576 782 3637 signis
829 3576 1121 3643 tabulisque
1174 3580 1329 3643 spoli-

268 3650 409 3700 avit:
461 3650 652 3715 quibus
695 3665 812 3699 cnm
864 3658 1041 3701 totam.
1077 3654 1332 3716 replesset

186 3767 192 3772 .
262 3725 492 3787 Italiam,
528 3727 581 3774 in
615 3725 824 3775 domum
861 3740 1005 3776 suam
1046 3728 1173 3778 nihil
1206 3744 1329 3779 con-

264 3801 423 3851 tulit!
485 3802 577 3851 Sic
630 3802 876 3865 Epitome
918 3804 1056 3854 Livii
1099 3806 1190 3855 lib.
1229 3821 1328 3857 ur.

262 3877 548 3927 Frontinus
576 3879 811 3941 Strateg.
845 3893 923 3929 ιν.
956 3883 1006 3928 8.
1035 3883 1052 3910 ⁴
1073 3882 1134 3931 L.
1159 3883 1326 3932 Mum·

262 3954 414 4015 mins,
449 3953 540 4017 qui
581 3954 832 4003 Corintho
869 3964 1044 4019 capta,
1079 3972 1181 4007 nou
1217 3957 1326 4007 Ita-

258 4028 383 4078 liam
426 4030 615 4090 solum,
656 4029 750 4078 sed
807 4030 962 4080 etiam
1010 4033 1325 4094 provinciam

259 4104 454 4152 tabulis
507 4105 803 4168 statuisque
857 4107 1149 4169 exornavit,
1195 4108 1326 4158 adeo

257 4178 386 4228 nihil
410 4194 474 4228 ex
496 4181 659 4230 tontis
682 4180 938 4231 nianubiis
964 4181 1014 4231 in
1038 4197 1183 4231 suum
1207 4198 1324 4233 eon·

1415 2757 1580 2793 mens.
1646 2743 1747 2793 Ille
1777 2741 2092 2806 triumphata
2114 2741 2378 2803 Capitolia
2408 2739 2477 2789 ad

1418 2822 1525 2869 alra
1565 2819 1819 2870 Corintho
1857 2820 2046 2868 Victor
2084 2826 2206 2882 aget
2246 2831 2474 2878 currum,

1414 2896 1568 2944 caesis
1613 2894 1827 2958 insignis
1865 2893 2097 2943 Achivis·
2174 2894 2337 2942 Eruet
2382 2892 2472 2942 ille

1414 2972 1605 3035 Argos,
1626 2970 2163 3035 Agamemnoniasque
2197 2969 2471 3031 Mycenas,

1414 3049 1696 3112 Ipsumque
1729 3047 2014 3108 AEacidem,
2049 3060 2210 3109 genus
2249 3047 2472 3109 armipo-

1413 3123 1572 3192 tentis
1615 3122 1876 3172 Achillei=
1932 3121 2087 3172 Ultus
2127 3134 2249 3170 avos
2283 3122 2469 3185 Trojae,

1411 3199 1605 3262 templa
1628 3206 1683 3247 et
1706 3203 1956 3246 temerata
1978 3194 2270 3245 Minervae?
2310 3198 2326 3224 ‘
2347 3196 2471 3245 Ille’

1408 3287 1527 3322 cum
1549 3272 1691 3326 dicit,
1716 3271 1855 3334 prius
1880 3271 2194 3334 appellatum
2217 3283 2247 3319 e
2271 3270 2468 3320 duobus

1409 3348 1645 3411 proxime
1679 3346 2106 3407 commemoratis,
2140 3346 2235 3395 lioe
2267 3352 2368 3407 est,
2390 3362 2471 3397 so·

1408 3437 1607 3484 cerum,
1640 3422 1728 3486 qui
1761 3421 1935 3473 Julius
1974 3423 2170 3483 Caesar,
2208 3421 2464 3485 designat.

1406 3501 1545 3550 Nam
1563 3500 1615 3548 in
1636 3499 1732 3548 hae
1754 3498 2053 3547 recensione
2074 3499 2299 3547 virorum
2325 3499 2468 3548 illus·

1408 3574 1565 3624 trium
1601 3575 1830 3623 ordinem
1856 3581 2144 3635 temporum
2181 3583 2351 3622 servat
2388 3574 2466 3621 di-

1404 3649 1647 3711 ligenter.
1716 3648 1903 3710 Itaque
1947 3655 2068 3709 post
2110 3648 2365 3697 Coesarem
2408 3659 2465 3698 et

1406 3725 1713 3788 Pompeium
1765 3729 2082 3786 praepostere
2138 3736 2200 3770 ac
2247 3722 2466 3773 ridicule

1405 3800 1713 3850 Mummium
1769 3797 2072 3857 Achaicum,
2113 3796 2202 3859 qui
2252 3807 2462 3849 eentum

1403 3886 1526 3927 ante
1554 3876 1701 3926 annis
1729 3875 1877 3937 obiit,
1906 3873 2211 3934 denotaret3
2239 3882 2306 3922 et
2336 3875 2465 3924 satis

1402 3955 1733 4018 negligenter
1774 3951 2000 4016 quidem,
2044 3964 2147 4000 non
2198 3953 2462 4014 appellato

1402 4045 1467 4080 eo
1511 4029 1577 4079 de
1614 4028 1841 4089 nomine,
1881 4041 1996 4077 cum
2043 4034 2247 4075 eeteros
2282 4042 2460 4078 omnes

1403 4106 1650 4168 appellet.
1742 4104 1823 4153 De
1871 4104 2072 4167 populis
2118 4103 2459 4167 triumphasse

1401 4183 1660 4231 Gaesarem
1704 4180 1870 4243 ipsum
1917 4179 2003 4228 hic
2050 4179 2198 4241 dicit,
2241 4194 2455 4242 quorum

258 4254 441 4320 vertit,
461 4262 520 4305 ut
541 4254 702 4305 filiam
725 4257 835 4320 ejus
865 4257 1072 4322 inopem
1103 4258 1323 4309 Senatus
1397 4256 1621 4320 majores
1674 4255 1726 4304 in
1773 4252 2038 4304 obsidione
2081 4253 2248 4315 Trojae
2286 4251 2454 4306 fuere.
