3000 4917
2334 323 2505 390 4631

325 479 467 569 igni
496 479 671 546 ceris
698 480 1009 563 penicillo
1041 481 1288 556 utendi,⁹
1311 500 1467 565 quae
1498 480 1760 563 pictura
1783 480 1850 544 in
1868 482 2148 577 nayibus
2169 498 2295 547 nec
2318 483 2505 561 Sole,

323 602 451 648 nec
482 582 651 659 sale,
681 584 1025 666 ventisque
1058 586 1521 667 corrumpitur.

378 713 384 723 ·
414 699 616 747 x1.11.
661 683 953 764 Pingunt
978 689 1044 748 et
1072 689 1303 749 vestes
1334 686 1400 747 in
1428 687 1726 768 AEgypto
1754 685 1927 751 inter
1962 704 2183 768 pauca
2212 683 2506 749 mirabili

888 337 1312 388 NA·1·.·ms¹1-.
1359 338 1508 387 un.
1552 338 1806 388 xxxv.
1847 324 1958 389 43.

321 802 580 865 genere,
613 783 901 849 candida
936 784 1082 848 vela
1102 788 1121 818 ¹
1166 792 1525 868 postquam
1555 787 1859 851 attrivere
1887 787 2214 850 illinentes
2238 804 2365 847 non
2390 804 2506 850 co·
2597 783 2602 788 ’

316 884 602 963 loribuS,
633 885 752 949 sed
792 886 1082 949 colorem
1104 886 1529 950 sorbentibus
1560 885 2072 951 medicamentis.
2160 884 2317 949 Hoc
2348 902 2504 947 cum

317 982 577 1060 fecere,
602 1004 738 1048 non
780 989 1058 1068 apparet
1108 985 1176 1048 in
1221 986 1423 1050 velis:
1468 986 1590 1050 sed
1647 986 1715 1050 in
1777 986 2138 1051 cortinam⁸
2178 984 2505 1069 pigmenti

315 1083 638 1155 ferventis
674 1104 913 1162 mersa,
964 1090 1122 1168 post
1156 1092 1563 1151 momentum
1601 1087 2036 1153 extrahuntur
2079 1087 2282 1169 picta.
2370 1083 2505 1148 Mi-

313 1203 622 1268 rumque,
653 1205 807 1250 cum
835 1187 924 1250 sit
952 1205 1128 1250 unus
1174 1188 1241 1250 in
1279 1188 1542 1252 cortina
1568 1188 1772 1265 colos,
1819 1206 1907 1251 ex
1937 1187 2054 1251 illo
2084 1187 2504 1267 alius·atque

314 1284 493 1353 alius
522 1286 601 1349 fit
621 1287 691 1349 in
714 1292 925 1364 veste,
959 1288 1349 1370 accipientis
1380 1288 1850 1352 medicamenti
1873 1294 1898 1323 ²
1941 1287 2263 1370 qualitate
2291 1293 2499 1350 muta-

313 1389 448 1449 tus.
540 1385 609 1450 N
610 1406 686 1451 ec
711 1394 953 1470 postea
983 1389 1161 1453 ablui
1192 1392 1447 1471 potest:
1489 1389 1590 1453 ita
1621 1390 1873 1452 cortina
1916 1407 2046 1451 non
2094 1387 2296 1451 dubie
2344 1406 2500 1451 con-

308 1484 545 1550 fusura
570 1488 854 1568 colores,
879 1490 939 1553 si
971 1490 1194 1572 pictos
1225 1491 1577 1573 acciperet,
1608 1489 1853 1571 digerit
1879 1508 1966 1553 ex
1996 1500 2186 1565 uno:
2204 1496 2225 1534 ³
2256 1487 2500 1571 pingit-³

312 1603 450 1668 que
492 1585 650 1651 dum
680 1591 932 1673 coquit.
1020 1589 1109 1655 Et
1146 1590 1408 1656 adustae
1439 1594 1660 1655 vestes
1703 1589 2050 1655 firmiores·
2073 1588 2258 1666 fiunt,
2295 1604 2498 1672 quam

309 1685 371 1748 si
395 1705 531 1750 non
554 1698 912 1754 urerentur.

400 1803 630 1852 xmu.
658 1788 874 1875 (xn.)
937 1791 1042 1855 De
1066 1793 1332 1874 pictura
1356 1793 1523 1856 satis
1550 1812 1910 1877 superque:
1944 1791 2363 1858 contexuisse
2389 1788 2495 1853 his

307 1893 378 1951 et
433 1887 769 1971 plasticen
790 1888 817 1926 b
860 1893 1229 1957 conveniat.
1319 1893 1635 1976 Ejusdem
1696 1912 1905 1976 opere
1965 1899 2148 1959 terrae
2178 1896 2196 1925 ¹
2233 1890 2492 1973 fingere

370 2071 398 2097 ⁸
427 2062 752 2127 Multossacit
773 2069 948 2119 colores
969 2069 1024 2119 in
1041 2069 1176 2134 velis,
1194 2071 1517 2120 licet'unicnm
1537 2070 1589 2120 in
1607 2085 1660 2120 se
1679 2070 1929 2120 contineat.

1170 2215 1175 2221 ι
1220 2213 1582 2236 „annun

370 2323 507 2373 CAP.
532 2338 667 2374 xmr.
737 2331 763 2375 1
801 2327 884 2376 Ita
906 2313 1331 2378 codd-'Harduini
1369 2336 1422 2378 et
1456 2329 1643 2378 Dalec.
1665 2342 1780 2377 cum
1804 2326 1921 2377 edd.
1944 2325 2201 2377 Harduin.
2222 2329 2268 2374 1.
2290 2308 2339 2376 2.
2364 2330 2413 2377 3.
2435 2331 2491 2376 et

300 2395 529 2436 recentt.
578 2390 777 2439 candida
811 2394 886 2440 vel
907 2392 1137 2441 Gronov.
1157 2401 1211 2442 et
1245 2395 1515 2456 vulgg.—2
1549 2393 1670 2442 Vet.
1704 2393 1886 2441 Dslec.
1915 2396 2039 2441 veste
2070 2391 2320 2453 accipienti
2338 2392 2486 2439 medi-

298 2451 615 2567 angria—ti?
651 2454 735 2504 Its
770 2469 837 2504 ex
867 2456 1018 2505 codd.
1043 2455 1343 2506 Herduinus
1365 2464 1420 2506 et
1453 2464 1678 2506 recentt.
1741 2456 1920 2523 digerit
1941 2470 2021 2504 eos
2043 2469 2106 2505 ex
2125 2456 2235 2503 vino
2256 2453 2487 2539 Gronov.

364 2579 501 2628 CAP.
540 2593 697 2631 xun.
766 2585 792 2630 1
830 2581 918 2632 Ita
948 2583 1206 2635 Herduin.
1253 2587 1300 2635 1.
1327 2589 1378 2634 2.
1410 2590 1459 2635 3.
1487 2584 1684 2635 Miller.
1716 2588 1771 2633 et
1805 2583 2016 2646 Bipont.
2078 2580 2299 2642 Eiusdem
2334 2594 2486 2643 operoe

299 2645 447 2690 terroe
485 2643 604 2693 edd.
641 2652 769 2695 vett.
807 2646 1038 2698 Gronov.
1079 2655 1133 2698 et
1169 2650 1355 2700 Franz.
1420 2649 1539 2709 Eius
1596 2648 1750 2696 uidem
1785 2661 1937 2710 operoe
1973 2650 2114 2694 terroe
2149 2646 2267 2695 Vet.
2302 2645 2485 2694 Delec.

296 2704 528 2765 Effundam
559 2723 711 2771 opere
745 2714 878 2760 terra
912 2713 1027 2762 cod.
1068 2713 1254 2763 Delec.
1342 2717 1358 2742 ⁴
1382 2710 1449 2762 In
1485 2728 1549 2763 co
1588 2713 1642 2762 d.
1676 2712 1803 2774 Reg.
1846 2719 1902 2762 et
1940 2710 2184 2760 Editione
2217 2709 2484 2773 principe,

1289 2840 1503 2892 NOTAE

294 2927 515 2992 viguisse
539 2929 750 2981 dubium
774 2947 877 2983 non
900 2934 1015 2984 est.’
1080 2935 1252 2986 Boe'tii
1276 2937 1351 2985 lo-

294 3020 381 3055 cus
419 3008 463 3056 is
499 3014 601 3065 est,
623 3009 675 3057 in
712 3009 873 3060 Praef.
904 3011 1149 3062 librorum
1175 3012 1350 3063 Arith-

294 3082 513 3139 meticae,
559 3098 688 3148 quos
745 3085 1051 3150 Symmacho
1118 3088 1348 3138 Patricio

292 3161 628 3223 nuncupavit.
694 3162 846 3213 Hanc
867 3162 1133 3227 κηρόχυτον
1161 3165 1350 3229 γραφὴν

295 3233 467 3285 Graeci
493 3235 692 3298 dixere,
718 3251 845 3301 quos
881 3239 1020 3288 inter
1042 3241 1344 3304 chrysosto-

293 3324 421 3373 mus,
441 3311 523 3360 uti
542 3309 766 3361 refertur
787 3313 840 3362 in
864 3313 1022 3363 Cone.
1043 3314 1258 3364 Nicaeno
1281 3329 1341 3365 11.

296 3385 569 3435 Describit
601 3387 699 3435 hoc
723 3401 882 3450 genus
905 3388 1123 3452 picturae
1148 3391 1342 3440 Proco-

292 3459 425 3522 pius,
460 3459 529 3510 de
548 3460 708 3510 AEdif.
731 3463 924 3514 Justin.
964 3464 1058 3514 lib.
1082 3479 1124 3514 1.
1168 3465 1256 3515 nbi
1278 3467 1344 3516 de

292 3548 495 3584 camera
517 3536 768 3586 Ecclesiae
786 3538 1036 3602 loquens:
1069 3540 1345 3605 Ἐναβρῦνε-

292 3626 368 3658 ται
387 3608 439 3658 δὲ
461 3612 569 3660 ταῖς
587 3614 791 3674 γραφαῖς
809 3611 843 3672 ἦ
864 3612 1011 3678 ὀροφὴ
1031 3617 1179 3672 πᾶσα,
1203 3617 1258 3664 οὐ
1276 3619 1347 3680 τῷ

293 3687 422 3748 unp&
439 3685 685 3736 ἑπακέντι
706 3706 762 3737 τε
776 3688 856 3737 καὶ
877 3689 1159 3752 διαχυθέντι,
1173 3710 1274 3741 κη’.
1288 3701 1341 3743 λ.

294 3763 617 3828 Nicephorus
641 3764 748 3813 CP.
789 3765 841 3813 in
866 3766 1134 3816 Breviario
1162 3767 1343 3818 Histo-

294 3837 416 3900 rieo‚
437 3838 507 3888 ad
530 3852 720 3887 annum
742 3843 856 3889 768.
880 3838 1236 3905 εῖκονογραφίαν
1256 3857 1341 3909 vo-

292 3920 374 3963 cat
394 3912 473 3962 διὰ
508 3912 779 3977 κηροχύπου
817 3915 950 3976 ὕλης.
1001 3920 1157 3969 Nunc
1193 3925 1342 3970 vetus

289 3987 375 4037 ille
427 3991 729 4041 encaustiee
791 3993 1000 4058 penitus
1053 3993 1337 4045 obsolevit:

292 4063 639 4127 successitque
663 4065 714 4115 ei
729 4065 815 4116 ills
838 4069 988 4132 ratio,
1011 4084 1162 4133 quam
1185 4072 1340 4135 vulgo

292 4134 506 4189 dicimus
537 4138 695 4190 emnil.
781 4142 853 4194 Et
891 4157 1006 4209 quae
1042 4146 1239 4197 urendo
1277 4144 1340 4196 fit

1430 2935 1640 2999 plumbo
1678 2934 1731 2984 in
1771 2934 1903 2983 vasis
1933 2931 2136 2996 figlinis,
2160 2931 2297 2997 quod
2329 2933 2481 2997 vulgo

1423 3011 1651 3075 plomber,
1672 3010 1852 3066 vernir,
1866 3008 2063 3058 dtamen

1491 3094 1517 3120 ⁸
1548 3086 1647 3134 Sed
1659 3086 1711 3133 in
1722 3082 1973 3144 cortinam]
2006 3082 2159 3139 Vela,
2181 3082 2367 3147 inquit,
2384 3081 2484 3131 illi·

1427 3167 1621 3210 nuntur
1659 3161 1800 3221 prius
1834 3159 2212 3208 medicamento
2259 3158 2480 3221 quodem

1426 3252 1519 3286 seu
1542 3237 1761 3300 liquore,
1782 3235 1869 3299 qui
1907 3234 2128 3283 colorem
2164 3239 2346 3295 postes
2373 3240 2479 3282 tra-

1421 3314 1534 3376 hat,
1565 3319 1621 3363 et
1654 3311 1829 3361 bibat:
1879 3309 2001 3357 dein
2031 3315 2321 3359 mersantur
2360 3307 2478 3357 velt

1423 3390 1474 3438 in
1494 3388 1710 3448 cortina,
1726 3388 1833 3436 sive
1857 3385 2003 3442 aeno,
2028 3385 2078 3433 in
2095 3399 2195 3449 quo
2218 3398 2318 3433 non
2343 3398 2477 3447 squa

1424 3479 1585 3520 mers,
1608 3462 1698 3512 sed
1716 3463 2030 3526 pigmentum
2050 3458 2253 3509 fervet:
2287 3459 2475 3508 ibime-

1426 3540 1772 3589 dicamentum
1797 3537 1922 3585 illud
1956 3536 2084 3584 velis
2109 3535 2252 3597 prius
2287 3534 2473 3583 illitum

1425 3614 1605 3665 sorbet
1628 3614 1873 3672 colorem,
1888 3617 1943 3660 et
1966 3608 2170 3674 quidem
2186 3608 2476 3669 varium,li·

1423 3697 1512 3740 cet
1545 3705 1608 3738 ex
1645 3689 1905 3751 pigmento
1945 3685 2090 3733 unius
2125 3683 2342 3733 coloris:
2378 3696 2474 3744 pro

1422 3766 1566 3817 varia
1588 3754 1789 3813 scilicet
1813 3761 2105 3812 conditione
2128 3758 2471 3808 medicamen-

1424 3842 1485 3904 ti,
1509 3854 1609 3904 quo
1628 3839 1770 3903 prius
1784 3838 1899 3887 vela
1930 3833 2136 3883 fuerant
2160 3832 2307 3882 illita.

1483 3916 1509 3950 ὓ
1547 3918 1610 3965 Et
1624 3914 1878 3978 plasticen]
1908 3908 2156 3968 mmm),
2174 3909 2363 3965 Plinio,
2378 3906 2470 3956 Vi-

1421 3989 1712 4055 truvioque‚
1745 3987 1922 4039 fictrix
1956 4000 2039 4035 ars
2077 4000 2143 4034 ex
2180 3984 2363 4048 argilla
2386 3984 2469 4033 vel

1416 4073 1588 4128 creta,
1641 4076 1809 4113 rerum
1865 4059 2225 4113 similitudines
2293 4058 2466 4124 expri-

1416 4155 1579 4196 men·-
