3000 4917
879 832 1202 915 NOTAE
1255 832 1396 909 ET
1448 798 2349 906 EMENDATmNEs

1079 1080 1217 1147 AD
1264 1076 1652 1146 LIBRUM
1695 1075 2128 1142 XXXVII.
2203 1177 2208 1182 ·

998 1306 1442 1386 NATURA
1454 1303 1609 1380 LIS
1690 1299 2238 1379 HISTORIAE

771 1551 891 1655 C.
1007 1550 1538 1654 PLINII

590 2043 640 2089 l.
664 2039 801 2094 Cap.
820 2051 862 2088 1.
892 2036 1118 2097 Profecto
1141 2034 1266 2084 inter
1280 2032 1440 2082 molles
1458 2030 1588 2081 viros

496 2111 502 2117 ’
525 2116 739 2167 durasset
759 2127 1013 2176 cognomen
1029 2110 1223 2173 Magni,
1246 2108 1292 2159 si
1311 2109 1468 2172 prima
1485 2107 1588 2156 vie-

527 2192 654 2242 tor-ia
694 2192 764 2240 sic
806 2185 1172 2252 triumphasset]
1231 2184 1320 2234 Sic
1367 2182 1587 2233 totidem

530 2267 767 2331 apicibus
788 2280 849 2315 ac
873 2264 1080 2329 syllabis
1113 2264 1244 2326 Reg.
1278 2265 1328 2310 2.
1365 2259 1515 2310 0011).
1539 2263 1589 2310 8.

531 2344 719 2409 aliique
741 2343 871 2392 Mss.
906 2339 1109 2392 Quibus
1134 2338 1308 2388 verbis
1331 2352 1448 2386 cum
1470 2336 1590 2386 sub·

533 2419 603 2468 sit
638 2416 903 2468 sententia
943 2416 1100 2479 paulo
1138 2412 1475 2476 reconditior,
1493 2424 1593 2461 nec

534 2494 713 2543 statim
736 2490 1030 2556 legentibus
1060 2491 1233 2552 obvia,
1262 2488 1491 2539 Pliniani
1515 2488 1595 2536 in-

535 2570 882 2631 terpolatores
936 2569 1184 2616 hactenus
1227 2565 1305 2614 ita
1350 2563 1594 2615 ediderez

538 2646 694 2702 Quum
710 2643 940 2708 profecto,
963 2645 1044 2694 vel
1078 2643 1219 2699 Quod
1237 2641 1446 2705 profecto
1466 2640 1597 2690 inter

533 2724 643 2772 illos
655 2723 785 2771 viros
806 2724 1038 2776 durasset,
1060 2723 1142 2784 ὅτ.

601 2803 650 2847 2.
673 2788 816 2847 Ibid.
853 2796 1164 2860 Reipublicae,
1197 2801 1246 2845 et
1266 2792 1595 2859 otiosioribus,

535 2875 618 2940 qui
638 2890 768 2924 orum
787 2873 935 2924 moris
954 2872 1289 2933 defendissent,
1304 2872 1471 2920 dutum
1489 2871 1599 2918 mil-

537 2951 580 3000 le
603 2952 830 3000 talentum
849 2964 868 2998 .·
889 2947 1121 2998 militibus
1136 2947 1341 3009 singulis
1359 2960 1472 2995 sena
1492 2945 1600 2994 mil·

537 3027 608 3075 lio
636 3025 930 3088 sestertium]
976 3023 1246 3087 Nusquam
1273 3027 1509 3085 grassata
1540 3020 1601 3070 li·

538 3102 733 3164 berius,
756 3116 909 3165 quam
949 3099 1002 3149 in
1036 3100 1173 3148 hunc
1209 3099 1398 3161 locum,
1434 3096 1602 3147 edito·

543 3196 656 3231 rum
680 3181 898 3231 audacia
919 3197 932 3227 ε
968 3178 1043 3229 sic
1060 3180 1195 3228 enim
1214 3179 1330 3243 typi
1350 3180 1603 3229 hactenus

543 3256 742 3320 vulgati
762 3272 775 3302 ε
812 3254 1103 3319 Reipublica-
1122 3256 1286 3304 datum
1305 3255 1435 3304 mille
1450 3254 1604 3304 taten-

543 3338 645 3381 tum
661 3348 678 3380 .-
712 3332 886 3394 legutis
925 3337 974 3381 et
1010 3330 1342 3395 questui-ibus,
1376 3331 1458 3395 qai
1494 3345 1606 3380 oros

545 3407 695 3456 moris
732 3405 1070 3464 defendissent,
1102 3406 1240 3457 H-S.
1276 3406 1389 3457 bina
1420 3407 1604 3457 millio:

543 3481 876 3531 commilitibus
951 3482 1156 3545 singulis
1241 3483 1606 3547 quinquaginta.

546 3559 680 3612 Quis
717 3572 942 3623 unquam
972 3558 1025 3607 iu
1050 3557 1238 3609 Latina
1271 3560 1444 3622 lingua
1481 3575 1606 3610 com·

545 3635 725 3686 auilites
746 3634 945 3684 audiit?
989 3635 1105 3685 Nos
1123 3637 1499 3699 exemplarium
1521 3649 1607 3685 ve·

546 3711 945 3762 tustissimorum
961 3709 1517 3776 integerrimorumqne
1529 3726 1609 3760 se-

547 3789 655 3838 cuti
695 3802 872 3837 sumus
907 3779 1085 3843 fidem,
1118 3786 1351 3850 inprimis
1389 3788 1524 3851 Reg.
1556 3791 1607 3836 2.

549 3871 603 3912 et
627 3863 779 3913 Colb.
801 3867 853 3912 8.
876 3862 926 3911 in
947 3862 1132 3928 quibus
1152 3861 1370 3913 totidem
1392 3862 1609 3927 syllabis

550 3946 607 3988 et
629 3939 866 4001 apicibus
890 3939 1032 3988 locus
1058 3939 1142 3988 hic
1163 3938 1460 4001 exhibetur,
1481 3946 1611 4004 quot

550 4022 1017 4079 repraesentamus:
1052 4032 1222 4083 neque
1252 4018 1303 4067 in
1340 4018 1402 4068 iis
1439 4017 1613 4080 modo,

550 4090 641 4139 sed
666 4092 794 4140 etin
818 4092 920 4142 illis
952 4108 1079 4158 quos
1109 4093 1338 4145 Budaeus
1361 4094 1608 4158 inspexit,

551 4166 619 4215 de
641 4165 773 4215 Asse
790 4167 880 4217 lib.
900 4182 992 4218 111.
1018 4169 1106 4220 fol.
1129 4173 1211 4220 82.
1266 4170 1348 4220 De
1367 4171 1608 4233 portione

552 4249 695 4294 certe
714 4243 1065 4309 praemiorum,
1086 4261 1200 4310 quae
1218 4254 1342 4296 suut
1363 4247 1609 4298 militibus

1669 1542 2449 1652 SECUNDI.

1663 2031 1881 2098 singulis
1918 2032 2221 2098 distributa,
2261 2033 2329 2083 ad
2369 2047 2556 2083 eorum
2588 2029 2724 2082 codi-

1664 2123 1781 2160 cum
1804 2109 1982 2172 fidem,
2005 2126 2131 2175 quos
2160 2110 2330 2161 secuti
2359 2123 2562 2165 sumus.
2583 2121 2727 2156 acce·

1665 2185 1747 2235 dit
1766 2187 2051 2237 auctoritas
2074 2186 2308 2250 Appiani
2340 2201 2402 2235 ac
2439 2182 2730 2236 Plutarchi.

1667 2276 1699 2310 a
1720 2263 1905 2328 quibus
1940 2261 2070 2312 illud
2092 2263 2260 2326 ipsum
2283 2261 2548 2310 memoriae
2574 2258 2730 2308 tradi-

1667 2346 1776 2389 tum
1793 2345 1894 2389 est.
1940 2340 2037 2389 Ille
2060 2340 2197 2389 enim
2217 2338 2283 2388 de
2303 2339 2467 2388 Bellis
2493 2336 2732 2387 Mithrid.

1670 2429 1792 2479 pag.
1814 2419 1931 2467 252.
1972 2418 2070 2466 iste
2092 2416 2146 2465 in
2172 2415 2446 2479 Pompeio,
2472 2428 2596 2478 pag.
2619 2416 2731 2462 642.

1668 2492 1856 2542 viritim
1894 2493 2099 2555 singulis
2141 2493 2342 2542 conatus
2384 2492 2538 2539 aiunt
2568 2487 2729 2537 drach-

1669 2583 1773 2618 mas
1808 2568 2003 2620 Atticas
2035 2569 2167 2617 mille
2198 2574 2249 2618 et
2294 2567 2603 2631 quingentas,
2635 2564 2731 2613 καθ’

1672 2642 1879 2693 ἕκαστον
1897 2643 2043 2707 ἄνδρα
2059 2643 2225 2706 χιλίας
2243 2641 2566 2693 πεντακοσίας
2583 2641 2736 2690 'Am-

1673 2720 1760 2771 κὰε
1793 2719 2023 2784 δραχμάς.
2091 2722 2224 2772 Sunt
2263 2729 2437 2772 autem
2473 2719 2735 2768 drachma

1675 2811 1769 2847 seu
1791 2795 1991 2846 denarii
2017 2810 2082 2849 ιι.
2118 2811 2174 2846 ι).
2202 2810 2328 2846 sena
2360 2796 2526 2845 millia
2547 2801 2732 2844 sester·

1675 2873 1827 2935 tium,
1850 2881 1912 2923 ut
1933 2875 2118 2940 liquet.

1742 2955 1793 3000 3.
1830 2951 1964 3001 Car.
1995 2964 2098 2999 vu.
2152 2949 2442 3014 Primusque
2484 2948 2739 3011 Pompeias

1676 3026 1859 3090 lapides
1877 3032 1924 3076 ee
1955 3029 2121 3091 pocula
2155 3042 2219 3077 ex
2245 3042 2298 3077 eo
2328 3026 2574 3089 triumpho
2600 3026 2739 3087 Cupi-

1677 3103 1824 3152 totino
1844 3104 1961 3152 Jovi
1981 3103 2160 3154 dicavit
2175 3119 2195 3152 .·
2224 3117 2329 3166 ‹111oe
2345 3103 2571 3165 protinus
2586 3102 2649 3149 od
2662 3101 2739 3150 ao·

1677 3178 1857 3228 utinam
1875 3194 2011 3228 usum
2031 3179 2281 3239 transiere,
2310 3177 2475 3226 abacis
2503 3177 2656 3226 etiam
2673 3189 2738 3225 es·

1678 3255 1910 3318 coriisque
1943 3254 2073 3303 vasis
2103 3255 2216 3303 inde
2245 3252 2497 3316 expetitis]
2532 3251 2585 3302 A
2607 3251 2739 3302 codi-

1679 3343 1797 3378 cum
1819 3328 1924 3378 fide
1937 3337 1993 3379 et
2008 3329 2344 3393 conspirante
2364 3342 2629 3378 consensu
2643 3340 2741 3377 non

1680 3403 2013 3467 discedimus,
2046 3406 2178 3469 Reg.
2211 3409 2261 3454 2.
2297 3404 2446 3455 Colb.
2479 3408 2535 3452 3.
2568 3410 2741 3454 vetere

1684 3480 2019 3544 Delecampii
2041 3482 2350 3546 exemplari,
2369 3481 2615 3544 aliisque.
2646 3481 2744 3543 Ty-

1683 3559 1738 3625 pi
1769 3560 2023 3609 hactenus
2069 3558 2265 3622 vulgati
2296 3557 2350 3607 id
2384 3557 2641 3608 exhibent
2668 3572 2745 3607 so-

1684 3635 1826 3684 lum:
1883 3633 2137 3696 Pompeius
2175 3648 2264 3684 sex
2303 3635 2503 3696 meula.-
2560 3634 2746 3696 insigni

1684 3709 1960 3761 admodum
1981 3711 2388 3774 interpolatione
2405 3727 2422 3760 ι
2457 3725 2581 3760 nam
2603 3726 2634 3760 a
2655 3726 2743 3760 sex

1686 3785 1885 3850 poculis
1929 3784 2123 3835 abacos
2158 3792 2216 3834 et
2262 3800 2385 3834 vasa
2425 3785 2656 3849 escaria,
2692 3786 2741 3833 id

1687 3862 1825 3926 quod
1844 3861 2021 3912 statim
2046 3860 2332 3934 affirmatur
2353 3877 2384 3911 a
2406 3862 2605 3923 Plinio,
2629 3877 2744 3912 eou-

1685 3938 1813 3989 flata
1856 3952 2098 4003 unquam,
2135 3936 2232 3988 aut'
2265 3937 2480 3989 conflari
2520 3954 2741 4005 unquam

1686 4028 1860 4080 posse,
1884 4013 2001 4079 quis
2024 4014 2243 4064 credat?

1748 4095 1800 4141 4.
1822 4091 1959 4141 CAP-
1981 4103 2061 4141 rx.
2120 4090 2297 4140 Oriens
2329 4096 2380 4140 et
2413 4090 2542 4140 hanc
2574 4091 2743 4151 mittit,

1686 4170 1905 4233 quoniam
1941 4167 2126 4218 Iadica·
2168 4158 2301 4218 uuila
2340 4167 2626 4232 prefertur]
2659 4168 2741 4217 Sic

1687 4245 1814 4297 Mss.
1840 4242 1971 4307 Ress.
1991 4246 2043 4292 2.
2073 4242 2222 4294 colb.
2253 4246 2303 4293 3.
2327 4242 2538 4307 aliique.
2604 4241 2741 4292 Libri
