3000 4917
827 383 1017 432 Nuu-
1049 381 1245 430 ntST.
1293 381 1435 429 mn.
1488 381 1743 429 xxxv.
1790 365 1897 431 19.
2280 367 2457 433 4559

248 530 844 614 conspissataque.
937 527 1232 592 Pretium
1262 529 1520 611 optimo
1551 526 1616 591 in
1640 527 1861 610 ponde
1892 547 2042 606 sex,
2075 540 2155 592 x.
2193 536 2269 592 1.²
2289 538 2317 565 ¹²
2395 533 2457 596 E

247 633 609 696 eandidis⁰
652 631 990 697 coloribus
1042 629 1581 714 pinguissimum,
1639 637 1709 693 et
1756 632 2055 695 tectoriis
2102 632 2452 698 tenacissi-

245 755 458 812 mum,
484 740 755 818 propter
781 734 1119 799 laevorem.

337 852 523 901 xlx.
614 835 939 900 Melinum
965 843 983 874 ¹
1009 842 1037 883 P
1079 832 1442 899 candidum
1473 839 1540 898 et
1585 833 1801 917 ipsum
1857 839 1984 912 est,
2027 838 2350 920 optimum
2381 840 2450 903 in

247 937 445 1002 Melo
475 937 717 1002 insula.
806 937 889 1002 In
919 936 1127 1001 Samo
1157 953 1433 1019 quoque
1464 936 1799 1000 nascitur:
1831 937 1953 1002 sed
1985 959 2068 1002 eo
2097 958 2228 1003 non
2260 945 2446 1003 utun-

248 1048 406 1104 tui-¹¹
451 1041 747 1122 pictores
778 1045 1045 1122 propter
1072 1038 1348 1102 nimiam
1379 1038 1932 1120 pinguitudinem.
2021 1040 2450 1106 Accubantes

249 1141 572 1207 effodiunt
600 1143 736 1207 ibi*
778 1144 940 1207 inter
969 1160 1141 1205 saxa
1163 1147 1189 1176 ²
1232 1160 1438 1204 venas
1469 1148 1868 1206 scrutantes.
1960 1143 2040 1208 Iu
2079 1143 2454 1210 medicina⁸

249 1245 540 1308 eundem
584 1263 779 1307 usum
828 1243 1052 1319 habet,
1096 1260 1295 1326 quem
1341 1241 1603 1306 Eretria
1651 1252 1857 1308 creta.
1945 1245 2286 1311 Praeterea
2327 1248 2454 1312 lin-

251 1365 453 1428 guam
484 1352 672 1411 tactu
705 1347 940 1410 siccat.
1030 1343 1228 1408 Pilos
1277 1342 1564 1407 detrahit
1608 1349 1675 1409 et
1717 1346 2065 1428 mitigat.³‘
2151 1348 2448 1413 Pretium

249 1448 320 1510 in
348 1447 563 1512 libras
604 1449 890 1512 sestertii
930 1446 1197 1530 singuli.
1283 1444 1410 1510 Est
1436 1454 1508 1510 et
1537 1446 1726 1511 colos
1759 1450 1997 1513 tertius
2042 1469 2081 1514 e
2123 1451 2452 1528 candidis»,

250 1567 567 1627 cerussae,
596 1550 795 1634 eujus
822 1550 1149 1614 rationem
1182 1548 1247 1613 in
1279 1548 1538 1635 plumbi
1574 1549 1864 1614 metallis
1894 1551 2241 1616 diximus?
2287 1553 2452 1617 Fuit

248 1657 312 1715 et
340 1657 513 1716 tetra
536 1659 569 1702 4
607 1671 729 1734 per
758 1670 832 1715 se
851 1659 878 1685 ⁹
920 1652 987 1715 in
1018 1649 1353 1714 Theodoti
1400 1649 1611 1715 fundo
1645 1652 1915 1717 inventa
1962 1653 2285 1739 Smyrnae,
2317 1674 2455 1738 qua

1165 1814 1195 1833 O
1202 1813 1540 1834 tuumne

312 1914 453 1964 Cu».
477 1926 639 1964 xvm.
713 1918 739 1964 1
776 1915 910 1965 Cod.
947 1915 1135 1966 Daiee.
1173 1931 1279 1965 eum
1317 1920 1485 1965 e0.-—2
1521 1916 1609 1964 Ita
1647 1917 1901 1966 Hardniu.
1926 1920 1974 1964 1.
1997 1920 2046 1965 2.
2070 1920 2117 1965 3.
2141 1924 2197 1966 et
2231 1925 2452 1967 reeentt.

251 1978 308 2025 C.
347 1979 454 2027 XI.
501 1982 667 2029 denar.
692 1979 809 2030 eod.
834 1981 1022 2031 Dalec.
1084 1980 1240 2030 XVI.
1274 1981 1469 2030 talentis
1491 1980 1628 2030 Bud.
1661 1981 1729 2030 de
1766 1980 1915 2042 Asse,
1939 1981 2028 2031 lib.
2067 1995 2154 2031 111.
2218 1984 2454 2031 sexdecim

248 2042 614 2157 Grgxg‘xix.
685 2113 710 2156 1
752 2109 949 2158 Helium
983 2123 1162 2170 margo
1196 2107 1319 2157 edd·
1356 2110 1546 2158 Dalec.
1587 2115 1642 2157 et
1673 2109 1904 2158 Gronov.
1943 2124 1973 2157 e
2011 2109 2288 2159 Diose.-—2
2325 2110 2453 2160 Cod.

245 2171 438 2222 Dalec.
461 2172 704 2236 effodiunt
733 2174 864 2222 intra
883 2178 1117 2223 saxee—3
1154 2174 1279 2222 Vet.
1305 2175 1488 2223 Dalee.
1513 2179 1561 2222 et
1580 2173 1775 2234 laevigat
1792 2189 1814 2233 ;
1845 2188 2025 2238 margo
2047 2173 2167 2225 edd.
2192 2175 2373 2224 Dalee.
2398 2182 2453 2223 et

245 2236 478 2287 Gronov.
500 2242 844 2287 extenuat—4
878 2239 968 2288 Fit
990 2243 1039 2288 et
1060 2252 1085 2287 e
1108 2244 1238 2288 terra
1260 2238 1376 2287 eod.
1398 2240 1581 2289 Dalee.

1240 2400 1456 2452 NOTAE

305 2508 330 2534 ¹⁰
365 2500 432 2550 In
454 2502 610 2563 pondo
640 2516 750 2564 sex,
774 2501 844 2550 X.
867 2501 941 2564 I.]
977 2501 1095 2551 Hoc
1119 2507 1221 2562 est,
1255 2500 1309 2549 in

243 2589 334 2624 sex
359 2576 523 2625 libras
547 2575 791 2625 denarius
808 2592 958 2627 unns.
1003 2577 1089 2625 Ita
1106 2578 1239 2640 Reg.
1262 2581 1312 2624 2.

244 2657 298 2701 et
318 2651 431 2700 ulii.
500 2651 642 2700 Editi
667 2653 919 2700 haetenus
959 2651 1079 2701 libri
1121 2665 1308 2715 perpe·

242 2740 370 2783 rem,
388 2727 621 2789 imponde
643 2728 897 2777 sexdecim.

302 2811 326 2835 ⁰
362 2804 411 2852 E
428 2803 676 2866 candidis]
707 2804 905 2852 Plinius
925 2818 1083 2865 supra
1099 2816 1309 2854 xxxin.

241 2883 322 2929 27.
356 2881 373 2908 ‘
401 2880 777 2940 Pannonium,
814 2881 1055 2944 qnoniam
1100 2887 1181 2928 est
1219 2894 1307 2928 ua·

244 2964 360 3007 tura
385 2956 801 3019 pinguissimum,
826 2966 880 3005 et
906 2963 1121 3018 propter
1154 2957 1309 3004 laevo-

239 3046 350 3080 rem
377 3032 798 3081 tenacissimuma
821 3039 1083 3079 tremente
1106 3030 1306 3094 insper-

240 3108 379 3170 gitur
402 3124 418 3158 ε
475 3122 540 3155 ne
585 3108 869 3156 Paraetonii
910 3107 1104 3157 candet·
1147 3108 1307 3172 pallo·

238 3196 345 3230 rem
383 3182 724 3246 chrysocollae
747 3179 970 3231 afferat?

300 3265 328 3299 Ρ
362 3256 624 3319 Melinum]
658 3257 894 3306 Totidem
930 3257 1102 3307 verbis
1138 3257 1306 3307 Isido-

239 3348 328 3382 rus
351 3333 453 3382 loc.
474 3335 565 3383 eit.
620 3334 877 3383 Melinum
913 3336 1177 3384 metallum
1214 3351 1304 3399 ap-

240 3410 405 3474 pellat
428 3410 702 3460 Vitruvius
717 3424 821 3461 vn.
842 3414 891 3460 7.
914 3426 966 3473 p.
988 3413 1099 3459 139.
1126 3413 1305 3461 Dione.

239 3499 297 3534 ν.
346 3490 463 3535 180.
505 3486 724 3535 Meliam
772 3495 964 3536 terram
1013 3486 1089 3536 ait
1132 3486 1305 3536 colore

241 3562 499 3611 einen-eam
541 3562 801 3611 Eretriam
860 3562 1082 3611 imitari:
1140 3562 1198 3610 ‘11
1253 3560 1305 3610 δὲ

243 3636 407 3696 Multis
426 3636 520 3695 τὴν
539 3636 627 3696 μὲν
647 3636 799 3700 χρόαν
815 3637 895 3688 καὶ
917 3637 1039 3696 αὐτή
1070 3638 1202 3688 ἐστιν
1223 3640 1302 3700 ἐμ.-

241 3714 381 3777 φερὴς
421 3713 679 3777 ’Epeo-piei&
726 3715 797 3779 τῇ
837 3715 1115 3763 σποδοειδεῖ.
1196 3713 1304 3764 Sed

240 3789 448 3838 Eretria
466 3798 605 3838 terra
626 3790 831 3851 gemina
848 3798 948 3851 est,
973 3797 1113 3839 teste
1129 3790 1304 3841 Diosc.

242 3877 296 3912 v.
322 3868 435 3914 171.
459 3865 629 3914 alteru
653 3865 985 3914 veliementer
1006 3865 1138 3914 alba.

304 3948 330 3983 «ι
367 3938 465 3988 Sed
484 3955 538 3988 eo
559 3954 654 3988 non
675 3940 900 4002 utuntur]
920 3941 1094 3988 Samio
1115 3954 1302 4004 nempe

240 4014 468 4070 metallo,
498 4022 638 4064 teste
661 4017 919 4080 Theophr.
942 4015 1045 4079 περὶ
1066 4015 1225 4082 aiom,
1251 4032 1302 4080 p.

238 4093 316 4138 13.
349 4089 444 4139 Διὸ.
478 4089 538 4140 τὸ
559 4090 702 4149 λίπος
739 4090 891 4156 ἔχειν,
911 4092 990 4145 καὶ
1011 4091 1304 4153 πυκνότητα,

238 4181 283 4213 et.
304 4182 351 4215 ·r.
369 4176 422 4217 λ.
488 4166 564 4217 At
590 4177 807 4218 utuntur
830 4170 1041 4233 melino,
1066 4179 1299 4222 testeee·

241 4240 352 4292 dem
375 4243 635 4309 Theophr.
656 4250 712 4294 et
734 4245 913 4296 Diosc.
937 4245 1037 4297 loe.
1061 4247 1156 4296 eit.

1357 3602 1362 3611 .
1379 3564 1554 3612 nativa
1599 3579 1826 3613 cerussa.

1450 2507 1469 2531 r
1500 2499 1798 2549 Aet-ubantes
1821 2497 2056 2564 effodiunt
2077 2496 2170 2560 ibi]
2195 2498 2254 2547 In
2278 2498 2453 2548 Same.

1385 2575 1646 2637 Theophr.
1663 2576 1763 2625 loc.
1787 2576 1878 2625 cit.

1450 2656 1469 2683 ⁸
1501 2650 1560 2699 In
1580 2651 1836 2714 medicina]
1874 2653 2054 2702 Diosc.
2079 2654 2191 2702 haee
2229 2651 2447 2702 totidem

1385 2724 1497 2774 fere
1543 2727 1732 2781 verbis,
1770 2726 1838 2776 de
1884 2735 2022 2778 terra
2059 2730 2244 2790 Melia,
2283 2728 2445 2777 lib.v.

1383 2816 1436 2865 p.
1463 2807 1576 2852 180.

1450 2879 1466 2911 ‘
1511 2880 1583 2927 Et
1619 2879 1840 2944 mitigat]
1897 2880 2183 2936 Extenuat,
2227 2879 2451 2929 λεπτύνει

1382 2953 1472 3004 τὰς
1493 2953 1681 3016 τρίχας,
1707 2956 1883 3004 Diose.
1911 2957 2010 3004 loc.
2031 2956 2124 3004 eit.

1448 3038 1471 3063 ⁸
1506 3030 1568 3079 In
1587 3030 1766 3092 plumbi
1788 3031 1995 3080 metallis
2014 3030 2250 3094 diximus]
2287 3030 2446 3081 Libro

1383 3117 1582 3154 xxxiv.
1602 3119 1649 3153 e.
1666 3109 1748 3155 54.

1446 3188 1470 3213 v
1504 3181 1625 3230 Fuit
1646 3188 1693 3231 et
1721 3186 1852 3230 terra
1878 3196 1965 3244 per
1985 3181 2058 3245 se]
2092 3182 2232 3245 Fuit,
2255 3182 2445 3246 inquit,

1382 3262 1438 3304 et
1470 3257 1534 3305 ad
1561 3257 1787 3306 colorem
1814 3257 2090 3306 candidum
2127 3266 2269 3307 terra
2308 3273 2447 3323 quae-

1381 3330 1500 3395 dam
1526 3340 1671 3394 apta,
1704 3348 1926 3382 cerussae
1964 3333 2115 3396 plane
2155 3350 2268 3397 par,
2303 3343 2358 3385 et
2383 3350 2446 3385 eo

1380 3426 1587 3477 quoque
1605 3413 1834 3473 nomine,
1855 3427 1952 3461 nee
1973 3420 2139 3463 tamen
2163 3429 2193 3464 e
2215 3413 2446 3477 plumbo,

1381 3487 1470 3537 sed
1498 3502 1566 3538 ex
1590 3489 1708 3552 ipsa
1731 3490 1915 3538 tellure
1941 3503 2036 3552 per
2059 3504 2114 3538 se
2135 3497 2277 3551 nata,
2296 3492 2445 3554 quasi

1922 3564 2192 3615 Vitruvius
2247 3580 2350 3616 vn.
2393 3571 2445 3615 7.

1379 3654 1434 3703 p.
1473 3643 1585 3689 139.
1622 3648 1815 3689 terram
1852 3655 1944 3690 seu
1988 3650 2184 3690 cretam
2223 3642 2439 3690 viridem

1379 3726 1548 3766 vocat.
1600 3718 1614 3744 ‘
1629 3715 1786 3764 Creta
1809 3716 2024 3779 viridis(
2043 3717 2231 3778 inquit,
2251 3719 2266 3743 ‘
2282 3718 2440 3779 pluri-

1379 3791 1474 3841 bus
1492 3793 1618 3841 locis
1640 3792 1902 3842 nascitur:
1930 3791 2020 3840 sed
2044 3795 2239 3853 optima
2262 3793 2441 3856 Smyr-

1377 3881 1476 3917 nae.
1525 3868 1680 3917 Hane
1699 3875 1872 3917 antem
1897 3866 2071 3917 Graeci
2097 3865 2332 3917 θεοδότων
2352 3884 2441 3919 vo·

1377 3951 1519 3999 cant,
1542 3943 1677 4007 quod
1700 3944 2001 4001 Theodotus
2020 3944 2224 3993 nomine
2246 3943 2445 4003 fuerat,

1377 4017 1527 4081 eujus
1571 4018 1624 4065 in
1656 4017 1819 4066 fundo
1856 4018 1911 4066 id
1952 4032 2113 4081 genus
2152 4029 2312 4069 cretae
2335 4022 2440 4083 pri·

1375 4107 1516 4141 mum
1549 4102 1629 4142 est
1655 4092 1959 4155 inventum.’
2028 4095 2146 4143 Fuit
2181 4096 2440 4158 nimirum,

1377 4177 1435 4217 ut
1460 4168 1758 4231 Falloppins
1788 4169 2154 4220 animadvertit
2182 4185 2236 4220 V.
2261 4176 2338 4221 18.
2362 4172 2438 4220 di-

1378 4260 1556 4298 versus
1576 4259 1802 4299 cerussae
1832 4247 1972 4298 colos
2004 4246 2138 4313 apud
2164 4251 2439 4314 antiquom
