3000 4917
466 309 641 379 4538

468 468 866 544 discrimine,
897 471 1268 532 statuarum
1298 470 1525 553 capita
1554 474 2018 552 permutantur,
2050 467 2338 551 vulgatis
2359 468 2504 552 jam
2532 470 2660 551 pri-

471 571 627 633 dem
673 570 933 634 salibus
986 571 1187 634 etiam
1234 571 1648 635 carminum.¹²
1755 571 1953 635 Adeo
2006 571 2352 634 materiam
2405 570 2662 634 malunt

472 671 773 754 conspici
818 689 1074 749 omneS,
1104 691 1308 755 quarn
1356 691 1431 734 se
1479 672 1693 736 nosci.

1201 325 1267 374 ὓ.
1315 324 1555 372 emm!
1606 323 1935 375 saeuum

1785 671 1874 736 Et
1902 675 2077 736 inter
2103 672 2250 736 hoec
2277 672 2661 754 pinacothe-

474 791 595 835 cas
613 779 639 807 ⁰
672 772 1007 836 veteribus
1030 772 1278 837 tabulis
1309 777 1678 848 consuunt,¹
1711 772 2107 856 alienasque
2136 770 2386 852 effigies
2417 773 2663 850 colunt,

473 873 607 955 ipsi
639 872 956 937 honorem
986 892 1113 936 non
1141 873 1274 937 nisi
1301 873 1370 936 in
1400 873 1660 955 pretio²
1689 874 2033 950 ducentcS,
2057 879 2129 937 ut
2151 873 2410 959 frangat
2432 873 2665 949 haereS,

473 973 777 1059 surisque
797 983 817 1023 ³
850 975 1164 1039 detrahat
1189 976 1513 1057 laqueus!
1585 975 1825 1058 Itaque
1855 975 2104 1039 nullius
2134 973 2351 1056 effigie
2383 975 2670 1051 vivente,

477 1075 801 1158 imagines
832 1078 1163 1161 pecuniae,
1184 1096 1318 1140 non
1346 1096 1530 1153 suaS,
1551 1077 1976 1159 relinquunt!
2062 1076 2276 1142 Iidem
2309 1075 2671 1158 palaestras

479 1176 872 1241 athletarum
912 1177 1334 1259 imaginibus»,
1366 1185 1437 1241 et
1477 1185 1856 1243 ceromata?
1897 1197 2024 1242 sua
2060 1183 2408 1253 exornant,
2436 1183 2506 1239 et
2534 1176 2668 1239 vnl-

474 1285 590 1355 tus
624 1277 940 1361 Epicuriq
984 1299 1107 1362 per
1138 1279 1452 1344 cubicula
1483 1286 1765 1361 gestant,
1796 1299 1877 1344 ac
1913 1277 2378 1344 circumferunt
2418 1295 2669 1341 secum.

482 1377 722 1442 Natali
777 1381 923 1464 ejus
942 1387 964 1416 ¹
1020 1382 1338 1446 vicesima
1396 1382 1592 1446 Luna
1650 1381 2048 1457 sacrificant,
2103 1379 2444 1460 feriasque
2495 1377 2675 1441 omni

547 1553 575 1587 e
609 1544 851 1594 Honorem
873 1544 924 1594 in
946 1547 1040 1595 solo
1059 1546 1321 1607 imaginum
1340 1548 1493 1611 pretio
1513 1551 1755 1611 pennatos,
1770 1561 1887 1611 quas
1907 1547 2056 1596 kaeres
2078 1545 2309 1606 frangat,
2329 1557 2443 1606 quas
2460 1541 2556 1602 stu·
2574 1541 2677 1597 doh

484 1608 731 1671 surripiat.

551 1670 577 1703 '⁸
611 1672 779 1734 Itaque
798 1688 903 1722 cam
932 1674 1088 1722 nullus
1107 1674 1305 1734 existat,
1326 1677 1409 1738 qni
1437 1675 1546 1724 viva
1573 1674 1673 1724 dici
1703 1689 1861 1725 eorum

1882 1673 2061 1740 effigies
2088 1671 2252 1734 possit,
2285 1669 2518 1731 imag-ines
2539 1667 2682 1717 relin-

485 1740 653 1798 quunt,
672 1751 777 1799 «μω
797 1751 955 1785 eornm
973 1738 1190 1800 divitias,
1220 1753 1310 1787 non
1347 1755 1452 1802 quae
1478 1741 1656 1801 vum,
1687 1753 1944 1803 moresque,
1975 1742 2023 1788 et
2045 1736 2187 1797 sacta
2207 1736 2480 1799 exprime
2495 1748 2514 1783 .·
2545 1745 2682 1794 apuu·

486 1813 698 1856 waram,
719 1816 812 1850 non
831 1801 1080 1858 vinulam,
1101 1810 1399 1853 monumenta
1420 1805 1716 1866 relinquunt.

1398 1933 1428 1952 O
1434 1931 1648 1951 mnu
1655 1931 1738 1952 ,θ’
1745 1929 1770 1949 O

557 2009 693 2059 CAP.
715 2023 779 2059 ιι.
845 2016 873 2060 1
910 2013 1036 2063 Vet.
1060 2013 1247 2062 Dalec.
1269 2013 1562 2073 conferciunt
1575 2030 1596 2073 ,-

1630 2012 1871 2064 Graevius
1893 2011 1945 2061 in
1967 2011 2157 2076 Syllog.
2180 2009 2353 2072 Epist.
2375 2014 2503 2057 torn.
2525 2019 2607 2055 iv.
2629 2020 2681 2069 p.

491 2075 608 2122 437.
628 2080 1020 2126 emmena—2
1040 2077 1124 2126 Ita
1141 2091 1206 2126 ex
1224 2078 1378 2126 codd.
1398 2079 1692 2127 Harduinus
1717 2084 1772 2127 et
1794 2082 2016 2127 recentt.
2066 2090 2156 2124 non
2174 2074 2270 2122 nisi
2286 2073 2442 2135 pretio
2454 2072 2684 2120 Gronov.

492 2145 547 2184 et
592 2139 876 2203 vulgg.—8,
909 2142 1032 2190 ‘Ita
1065 2141 1217 2190 codd.
1264 2140 1433 2205 Regg.
1488 2146 1540 2191 2.
1581 2145 1630 2190 3.
1698 2143 1857 2192 Forte
1891 2141 2171 2204 scripserat
2204 2138 2424 2197 Plinius,

494 2201 720 2253 Brotier.

2460 2132 2687 2196 fun-iste!

795 2204 1017 2268 surisque
1069 2206 1228 2255 etiam
1289 2207 1406 2255 cod.
1452 2206 1638 2256 Dslcc.
1706 2207 1843 2265 finis
1873 2204 1996 2255 edd.
2030 2211 2155 2253 ente
2186 2203 2513 2252 Brotier.-—4
2560 2197 2687 2248 Cod-

1484 2331 1702 2384 NOTAE

553 2434 580 2460 ὓ
615 2427 807 2477 Solibus
902 2430 1187 2494 carminum]
1223 2429 1288 2480 In
1309 2429 1449 2478 illam
1465 2444 1552 2478 ca·

497 2504 662 2568 pirum
689 2506 1120 2568 permutationem
1129 2506 1337 2569 jactata
1355 2519 1383 2553 a
1398 2505 1553 2568 plebe

501 2580 749 2635 carmina,
772 2580 924 2641 sales,
944 2581 1191 2644 jocosque
1211 2580 1490 2644 significat.

563 2664 588 2689 ⁰
620 2655 988 2718 Pinacotltecas]
1022 2657 1164 2706 Loca
1201 2656 1448 2719 spatiosa,
1468 2668 1555 2702 ve·

504 2738 674 2781 terum
697 2730 1003 2794 imaginibus
1029 2738 1298 2793 exornata,
1316 2733 1399 2781 des
1417 2733 1558 2780 selles

502 2807 562 2854 de
584 2806 823 2857 dubiem.
869 2806 1138 2856 Vitruvius
1162 2813 1303 2857 τιὸ.
1323 2808 1406 2857 cni
1430 2808 1555 2857 lem-

506 2895 589 2930 ma
613 2878 903 2944 praefixnrn,
932 2888 948 2910 ‘
965 2883 1046 2931 De
1072 2882 1325 2945 tricliniis,
1343 2889 1397 2932 et
1416 2883 1557 2939 oecis,

506 2963 561 3004 et
585 2955 958 3018 pinacothecis,
975 2957 1033 3007 'et
1067 2970 1246 3007 eorum
1282 2958 1560 3008 dimensio-

505 3030 655 3081 nibus
672 3029 706 3078 ε’
757 3038 773 3060 ‘
788 3031 1197 3095 Pinacotliecae,’
1227 3034 1411 3097 inquit,
1451 3034 1468 3062 ⁴
1484 3034 1560 3084 nti

503 3107 766 3164 exhedrae.
789 3110 973 3172 amplis
988 3109 1423 3172 magnitudinibus
1439 3116 1563 3159 sunt

504 3184 918 3235 constituendoe.’
1017 3186 1106 3235 Sic
1162 3185 1403 3234 exhedrae
1447 3187 1563 3235 loca

504 3266 626 3309 sunt
647 3260 885 3309 similiter
906 3260 1150 3323 spatiosa,
1167 3275 1280 3323 qna·-
1304 3261 1456 3310 sedes
1475 3261 1565 3310 lia-

508 3334 656 3393 bent,
678 3335 729 3383 in
745 3335 928 3399 quibus
948 3326 1267 3399 Philosophi,
1291 3336 1564 3393 Rlietores,

510 3410 781 3473 ceterique
835 3410 921 3472 qni
976 3409 1161 3459 studiis
1215 3410 1566 3474 delectantur,

511 3486 779 3549 disputare
809 3485 1049 3534 sedentes
1076 3486 1295 3548 possint,
1317 3488 1399 3535 des
1426 3488 1569 3536 selles

513 3563 571 3611 de
590 3560 929 3611 conversation.
997 3560 1118 3611 Qua
1140 3561 1205 3609 de
1225 3575 1352 3611 voce
1369 3562 1569 3612 uberri-

509 3652 595 3687 me
628 3635 979 3687 Gothot'redns
998 3636 1125 3699 egit,
1145 3636 1196 3685 in
1217 3636 1348 3686 Cod.
1373 3637 1570 3690 Theod.

494 3741 498 3744 >
520 3713 614 3763 lib.
632 3728 725 3763 xv.
745 3713 828 3761 tit.
856 3720 900 3763 1.
918 3711 1006 3762 lib.
1029 3726 1148 3763 mn.
1168 3728 1218 3777 p.
1243 3716 1360 3765 326.

582 3798 609 3832 Ρ
643 3791 712 3838 Et
734 3789 993 3854 ceromata]
1029 3788 1234 3852 Κήρωμα
1253 3804 1389 3839 nunc
1427 3791 1571 3840 locus

515 3872 601 3915 est
641 3865 923 3927 palaestrae,
963 3871 1054 3914 ant
1090 3866 1361 3930 gymnasii,
1393 3867 1445 3915 in
1468 3881 1573 3931 qno

520 3946 802 4004 ceromate,
820 3940 919 3990 hoc
946 3947 1046 4005 est,
1067 3951 1332 4005 unguento
1351 3943 1488 4006 quod
1506 3957 1574 3992 ex

521 4031 644 4066 cera
684 4015 843 4066 fiebat
876 4017 992 4065 oleo
1036 4018 1269 4079 subacta,
1319 4033 1575 4082 perunge-

519 4093 714 4142 bantur
735 4092 967 4142 athletae.
1033 4094 1110 4142 Ea
1128 4105 1257 4143 voce
1279 4109 1396 4144 usus
1419 4095 1576 4143 etiam

518 4170 721 4221 Seneca
736 4170 802 4221 de
826 4169 1179 4221 Brevit.vitae
1201 4186 1247 4222 c.
1272 4176 1353 4222 11.
1376 4186 1427 4236 p.
1445 4175 1562 4223 ⁷³8.
1596 4224 1600 4228 ,

1690 2438 1714 2472 ⁴¹
1750 2430 1820 2478 Ee
1849 2430 2008 2479 nauus
2036 2426 2253 2492 Epicuri]
2290 2425 2478 2475 Cicero
2517 2421 2583 2471 de
2610 2421 2690 2470 Fi-

1625 2504 1735 2554 nib.
1761 2518 1815 2552 v.
1837 2508 1887 2553 8.
1923 2503 2075 2553 ‘Nec
2113 2509 2284 2551 tamen
2320 2497 2534 2562 Epicuri
2567 2497 2692 2546 licet

1628 2580 1886 2643 oblivisci,
1906 2580 1951 2628 si
1976 2578 2178 2642 cupiam
2198 2593 2213 2625 ι
2248 2577 2393 2638 cujus
2417 2573 2690 2635 imaginem

1629 2673 1732 2707 non
1766 2657 1920 2707 modo
1964 2658 2017 2706 in
2051 2655 2245 2705 tabulis
2272 2651 2566 2710 familiares,
2599 2648 2690 2698 sed

1630 2733 1787 2782 etiam
1825 2733 1876 2780 in
1913 2731 2113 2796 poculis
2136 2737 2190 2779 et
2228 2728 2429 2777 annulis
2463 2722 2695 2773 liabent?

1630 2808 1809 2873 Atque
1826 2809 1946 2876 irinc
1967 2806 2173 2870 quidem
2198 2802 2467 2853 εἷκαδιστὰε
2481 2803 2561 2849 vir
2578 2813 2694 2849 eru·

1629 2883 1773 2932 ditus
1801 2897 1968 2947 nuper
1988 2881 2210 2949 putabat
2244 2880 2414 2927 dictos
2442 2878 2694 2939 Epicure·

1633 2972 1688 3008 oa
1699 2972 1832 3020 esse,
1848 2956 1941 3007 ἀπὸ
1969 2958 2058 3015 τῆς
2079 2954 2272 3017 εἰκόνος,
2296 2953 2435 3017 quod
2463 2949 2698 3013 magistri

1633 3036 1855 3098 imagine
1908 3046 2169 3098 nunqnam
2244 3030 2657 3077 destituerentur
2682 3040 2697 3085 ς

1635 3110 1775 3176 quod
1800 3098 1982 3158 abesse
2008 3122 2038 3155 a
2061 3120 2205 3166 vero,
2226 3113 2333 3153 tum
2361 3117 2424 3152 ea
2439 3116 2556 3167 quae
2579 3114 2700 3148 mox

1637 3186 1864 3235 dicemus
1897 3182 2169 3248 proditura
2198 3187 2318 3228 sunt
2355 3176 2702 3241 apertissime,

1639 3271 1747 3312 tum
1792 3275 1914 3310 vero
1946 3259 2071 3309 illud
2103 3257 2355 3320 inprimis,
2379 3253 2515 3317 quod
2540 3252 2606 3300 ab
2638 3250 2703 3299 ei·

1639 3338 1731 3387 κὸν
1762 3334 2018 3386 εἶκονισταὶ
2055 3332 2281 3388 dicendi,
2302 3344 2401 3379 non
2427 3325 2707 3389 εἰκαδισταὶ,

1637 3414 1827 3464 forent.

1707 3481 1939 3538 ''Natali
1974 3485 2095 3549 ejas]
2128 3484 2192 3533 In
2232 3483 2474 3530 honorem
2512 3478 2704 3528 natalis

1643 3567 1794 3630 ejnsz
1827 3579 1929 3614 non
1965 3563 2102 3628 quod
2125 3562 2175 3609 in
2210 3573 2326 3609 eum
2357 3557 2495 3604 diem
2521 3555 2707 3604 natalis

1643 3642 1758 3705 ejus
1778 3640 2038 3695 inciderit,
2060 3649 2214 3702 quem
2237 3632 2463 3695 septimo
2479 3630 2709 3681 Gameli-

1644 3717 1754 3765 onis
1777 3716 1882 3764 diei
1922 3713 2158 3775 assignat
2180 3707 2528 3772 Apollodorus
2568 3705 2707 3768 apud

1648 3792 1958 3855 Diogenem,
1978 3802 2074 3836 nec
2109 3787 2221 3849 ipse
2244 3782 2506 3845 Epicurus
2528 3782 2581 3829 in
2605 3790 2711 3830 tes·

1649 3872 1883 3917 tamento
1906 3877 1999 3914 suo
2020 3862 2151 3911 satis
2170 3865 2349 3923 aperte
2373 3857 2573 3920 prodit,
2597 3857 2713 3920 quia

1648 3943 1735 3991 ille
1775 3939 1958 4003 suerit,
2000 3936 2091 3987 sed
2126 3933 2262 4000 qnod
2313 3947 2376 3981 ea
2416 3932 2563 3981 Luna
2595 3930 2715 3981 fieri

1649 4019 1735 4069 ille
1792 4012 2335 4068 commemorationem
2380 4009 2572 4057 natalis
2636 4007 2713 4055 sni

1651 4092 1935 4157 optaverit,
1956 4089 2161 4153 alioque
2196 4092 2456 4150 praterea
2479 4083 2592 4148 die,
2611 4082 2715 4134 Ga·

1652 4172 1877 4243 motione
1894 4180 2086 4221 mense.
2586 4190 2589 4193 Α
