3000 4917
469 337 650 412 4668

476 502 753 554 dicuntur:
787 518 958 569 neque
991 520 1022 554 a
1043 506 1216 556 Plinio
1246 506 1419 567 modo,
1439 506 1531 556 sed

474 587 531 628 et
549 594 584 629 a
605 580 849 630 Martiale
865 595 965 630 non
989 583 1167 631 semel.
1233 583 1367 633 Nam
1385 597 1426 633 1.
1448 587 1532 633 54.

470 656 486 683 ‘
505 656 595 705 Sic
648 655 912 707 Arretinae
966 658 1158 707 violant
1230 659 1535 722 crystallina

475 732 663 783 testae-⁹
699 735 797 784 -Ἐε
815 747 931 784 xtv.
950 738 1034 783 98.
1051 734 1134 799 cuj
1143 749 1198 783 us
1220 734 1407 784 lemma
1430 742 1529 790 est,

472 811 489 839 ‘
508 811 650 860 Vasa
664 809 915 861 Arretina
933 810 970 860 τ’
989 814 1004 840 ‘
1022 810 1272 861 Arretina
1291 811 1439 860 nimis
1461 826 1530 863 ne

470 902 685 950 spernas
708 902 831 937 vasa
853 902 1145 937 monemus:
1184 889 1384 937 Lautus
1411 897 1529 937 erat

470 965 655 1015 Tuscis
712 965 947 1016 Porsena
998 964 1285 1015 fictilibus.’
1361 967 1530 1016 Tusca

470 1040 654 1091 fictilia
684 1051 854 1097 vocat,
892 1042 1028 1106 quod
1060 1042 1130 1091 sit
1171 1043 1410 1100 Etruriae,
1433 1058 1526 1094 seu

468 1119 676 1168 'l'nsciae
722 1119 973 1182 oppidum
1012 1118 1296 1176 Arretium,
1328 1121 1529 1183 Aream,

469 1195 557 1244 ubi
579 1195 832 1260 hodieque
853 1196 1035 1259 primae
1067 1196 1528 1246 commendationis

468 1270 645 1333 figlina
677 1278 796 1321 sunt
821 1269 1085 1320 Arretina.
1151 1272 1232 1322 De
1276 1272 1527 1323 calicibus

468 1344 729 1396 Arretinis
752 1339 902 1397 extat
924 1347 1051 1397 illud
1073 1347 1292 1411 Virgilio
1315 1362 1525 1400 carmen

468 1422 765 1483 ascriptum.
800 1423 938 1471 inter
958 1415 1363 1487 >Epigrammata
1385 1440 1416 1473 a
1437 1425 1526 1474 Pi·

466 1498 609 1547 thoeo
642 1497 803 1560 edita,
841 1514 893 1561 p.
938 1502 1020 1548 36.
1052 1497 1333 1548 ‘Arretino
1367 1501 1527 1562 calix,

462 1574 653 1623 mensis
676 1573 922 1623 decorate
955 1575 1204 1638 paternis,
1232 1574 1373 1625 Ante
1396 1577 1525 1627 Maii

464 1651 654 1699 medici
675 1665 829 1715 quam
854 1650 987 1700 bene
1003 1665 1157 1700 sanus
1177 1651 1327 1700 eras?

528 1730 609 1776 19.
641 1726 779 1778 Ibid.
847 1728 915 1776 Et
950 1728 1147 1778 culicum
1178 1733 1381 1790 matum,
1402 1729 1525 1779 Sur-

463 1807 668 1861 rentum,
704 1803 846 1863 Asta,
887 1803 1127 1854 Pollentia
1143 1819 1164 1852 .-
1193 1806 1247 1851 iu
1283 1803 1526 1866 Hispania

464 1876 751 1937 Saguntum,
769 1878 877 1941 δῖα]
896 1876 1039 1927 Libri
1055 1893 1230 1927 omnes
1252 1880 1381 1928 editi
1394 1880 1525 1946 fere,

461 1951 801 2016 inprimisque
843 1954 1063 2003 Elzevir.
1097 1955 1277 2016 editio,
1321 1956 1405 2005 hic
1444 1957 1522 2005 in-

464 2035 803 2093 terpungnnt,
842 2035 891 2079 et
928 2031 1127 2082 calicum
1148 2037 1366 2081 tantum.-
1400 2034 1520 2083 Sur·

461 2110 667 2165 reatum,
690 2108 770 2168 ἔμ’.
835 2106 910 2155 Ut
933 2105 998 2154 ad
1021 2106 1304 2173 Arretium,
1325 2108 1390 2159 de
1416 2124 1520 2173 quo

462 2180 696 2241 proxime
736 2187 910 2245 antea,
955 2196 1056 2231 non
1099 2183 1164 2233 ad
1209 2184 1520 2235 Surrentum

462 2256 683 2318 pariter,
727 2263 1009 2322 ceteraque
1053 2274 1168 2323 quae
1229 2268 1520 2324 sequuntur

458 2330 674 2396 oppida,
710 2333 929 2382 calicum
974 2334 1066 2384 dos
1099 2336 1202 2386 ista
1234 2337 1518 2402 pertineat,

459 2414 513 2458 et
534 2408 741 2473 quidem
765 2411 892 2459 sola.
960 2408 1124 2476 Atqui
1158 2413 1223 2462 ad
1249 2413 1517 2464 Arretium

457 2492 699 2547 spectare
723 2500 846 2535 vasa
863 2501 977 2550 quae
1002 2487 1056 2535 in
1075 2489 1356 2540 esculentis
1370 2489 1517 2543 adhi-

458 2560 663 2619 bentur,
687 2562 997 2627 calicesque,
1030 2565 1264 2627 superius
1303 2565 1518 2615 demon-

458 2636 749 2686 stravimus.
817 2639 1019 2689 Calices
1056 2641 1518 2698 Surrentinos,Sa-

456 2713 823 2776 guntinosqne,
841 2721 897 2764 et
915 2714 1238 2765 Pollentinos
1263 2717 1459 2767 landari
1486 2734 1518 2769 a

456 2787 703 2837 Martiale
748 2789 901 2839 audio
925 2805 939 2840 t
996 2805 1117 2841 vasa
1160 2794 1361 2842 escaria
1413 2809 1517 2844 nou

454 2865 664 2914 memini
681 2882 895 2931 nsquam
909 2883 991 2917 me
1006 2871 1198 2933 legere.
1224 2871 1412 2937 Itaque
1428 2873 1516 2924 ille

456 2942 675 3005 primum
710 2957 829 2993 xxv.
862 2949 975 2995 102.
1012 2946 1094 2996 cui
1124 2946 1515 3010 titulus‚‘Cali·

453 3032 541 3067 ees
585 3019 878 3069 Surrentini
903 3021 938 3071 ι’
994 3021 1234 3086 ‘Accipe
1280 3038 1380 3074 non
1426 3027 1515 3075 vili

452 3096 642 3154 calices
660 3097 727 3146 de
751 3098 962 3160 pulvere
979 3106 1148 3157 natos,
1169 3101 1273 3150 Sed
1295 3102 1516 3152 Surren-

451 3175 578 3226 tinae
605 3176 734 3226 laeve
768 3183 1004 3228 toreuma
1028 3179 1199 3230 τοίω)
1267 3181 1515 3244 Sagunti·

451 3264 545 3299 nos
567 3250 756 3301 deinde
780 3253 901 3302 libri
921 3254 1160 3317 ejusdem
1194 3256 1376 3319 Epigr.
1400 3261 1515 3308 108.

451 3327 537 3378 eni
580 3328 767 3379 lemma
809 3330 1102 3392 praefixum,
1142 3334 1159 3361 ‘
1182 3332 1381 3392 Calices
1421 3334 1514 3384 Sa·

450 3404 653 3466 guntini
679 3403 714 3452 :'
743 3403 762 3431 ‘
786 3405 920 3455 Quae
942 3420 1045 3455 non
1067 3407 1299 3457 solicitus
1317 3417 1516 3474 teneat,

449 3485 724 3544 servetque
756 3481 1011 3536 minister,
1045 3483 1203 3531 Sume
1226 3483 1515 3547 Saguntino

449 3557 637 3618 pocula
682 3556 805 3606 ficta
845 3555 993 3607 luto.’
1063 3558 1385 3608 Pollentinos
1424 3560 1512 3611 de·

448 3632 605 3697 nique
649 3646 767 3682 xiv.
806 3637 917 3683 157.
936 3634 1093 3682 allato
1128 3648 1159 3682 a
1193 3633 1345 3683 nobis
1378 3635 1512 3686 libro

446 3718 655 3773 octavo,
688 3724 806 3773 cap.
840 3714 921 3759 78.
989 3711 1059 3759 Et
1096 3710 1163 3759 de
1183 3710 1510 3769 Surrentina,

444 3785 847 3851 Pollentinaqne
866 3785 1020 3834 simul
1059 3794 1219 3847 terra,
1249 3784 1509 3849 fingendis

448 3862 697 3911 calicibus
720 3862 935 3923 potoriis
961 3863 1216 3925 expetita,
1251 3870 1402 3912 extat
1425 3878 1512 3912 ve·

447 3944 532 3987 tus
556 3937 889 3999 Epigramma
912 3937 1157 3986 Graecnm
1189 3938 1511 3995 Macedonii,

450 4028 577 4066 sane
601 4028 700 4062 non
725 4013 1011 4077 inelegans,
1047 4014 1100 4062 in
1126 4014 1258 4064 Mss.
1282 4016 1508 4068 nostrist

451 4086 716 4151 Συῤῥέντου
750 4090 972 4153 τρηχεῖα,
990 4088 1240 4152 popinae,
1249 4092 1407 4154 χαῖρε,
1429 4109 1510 4140 κο·

446 4165 540 4232 ιίη,
556 4164 649 4217 Καὶ
672 4164 1009 4218 nomem-{mr
1026 4169 1146 4229 γαΐα
1161 4167 1509 4231 μελιχροτάτη·

1069 363 1285 411 NOTAE
1337 362 1426 409 ΕΤ
1476 362 1980 424 ΒΜΕΝΒΑΊῚΟΝ
1997 363 2076 411 ΕΒ

1606 503 1747 555 'Eme
1763 505 1857 569 γὰρ
1877 505 1926 556 al
1942 504 2233 569 τριπόθητοι,
2257 507 2340 568 ἀφ’
2372 505 2440 558 ὃν
2466 509 2671 574 Epona&-

1605 584 1689 634 &a
1717 582 1873 643 πηλὸν
1891 581 2108 644 Φύρησαν
2115 582 2290 647 Βάκχῳ
2309 584 2556 648 τριζὶιγέες
2576 584 2672 649 χά-

1603 676 1742 721 ριτες.
1836 659 2142 719 Unguentum
2171 662 2399 711 medalem
2433 662 2669 712 Surrenti

1602 734 1860 798 asperrime
1879 735 2055 797 pulvis,
2081 736 2150 783 Et
2173 736 2468 786 Pollentina
2503 739 2672 787 mellea

1600 812 1740 873 gleba
1768 812 1954 873 plagae:
1996 811 2093 859 Vos
2125 826 2213 873 ego
2250 827 2434 875 semper
2471 827 2598 873 amo,
2614 815 2673 864 de

1601 888 1708 951 quis
1727 888 1819 935 sibi
1843 902 2022 936 sumere
2042 888 2205 937 limam
2221 888 2525 940 Miscendum
2542 889 2674 940 Bro-

1600 965 1696 1014 mio
1722 965 1900 1014 Gratia
1913 965 2042 1023 trina
2056 966 2194 1015 solet.

1665 1044 1749 1090 20.
1783 1041 1920 1091 ΟΑΡ.
1943 1053 2096 1091 xmx.
2163 1042 2361 1093 Pitane
2378 1043 2430 1092 in
2446 1043 2596 1103 Asia,
2623 1051 2672 1095 et

1600 1115 1654 1165 in
1672 1117 1915 1166 alter-ioris
1937 1117 2192 1181 Hispanioe
2212 1118 2508 1183 civitatibus,
2519 1120 2674 1170 Max·

1600 1192 1700 1240 ilua
1734 1198 1782 1241 et
1811 1194 2028 1249 Calento,
2058 1193 2198 1256 fiant
2232 1195 2423 1257 lateres,
2451 1194 2537 1259 qui
2573 1196 2669 1244 sic·

1599 1266 1698 1316 cati
1720 1282 1814 1316 non
1846 1273 2128 1329 merguntur
2156 1268 2209 1316 in
2240 1267 2388 1332 aqua]
2421 1269 2513 1318 Ita
2534 1268 2672 1334 Reg-

1600 1346 1651 1393 2.
1687 1343 1952 1407 ceterique
1993 1344 2223 1407 codices,
2247 1344 2470 1394 totidem
2505 1346 2668 1409 apici·

1602 1418 1716 1468 bus.
1751 1418 1817 1467 In
1844 1419 1984 1468 libris
2008 1420 2254 1469 hacteuus
2276 1420 2454 1478 editis,
2475 1422 2670 1472 Massia

1600 1500 1648 1544 et
1673 1494 1892 1557 calente,
1911 1495 2176 1545 mendose.
2242 1495 2345 1544 Sed
2367 1497 2534 1546 multo
2556 1513 2671 1548 cor·

1601 1572 1887 1634 ruptiorem
1908 1572 2133 1621 vitruvii
2156 1571 2320 1621 locum
2345 1587 2410 1621 ex
2424 1573 2670 1628 Pliniano

1601 1647 1936 1696 emendabisz
1974 1646 2257 1696 Maxiluam
2281 1648 2421 1698 enim
2455 1649 2510 1697 in
2536 1650 2667 1701 Gal·

1599 1722 1684 1772 liae
1729 1723 2001 1773 civitatem
2053 1723 2334 1772 Massiliam
2381 1725 2669 1789 interpola-

1601 1806 1743 1849 tores
1767 1801 1881 1863 eJus
1906 1799 2024 1849 libri
2045 1798 2513 1851 transformarunt:
2541 1807 2556 1830 ⁸
2572 1804 2673 1853 Est

1601 1883 1773 1925 autem
1811 1876 1862 1923 in
1901 1875 2161 1938 Hispania
2205 1876 2453 1926 ulteriore
2476 1878 2669 1928 Calen-

1600 1959 1728 2008 tum,
1760 1960 1816 2001 et
1851 1953 1904 2001 in
1946 1952 2132 2002 Galliis
2170 1954 2423 2012 Massilia,
2458 1956 2514 2004 in
2539 1956 2668 2008 Asia

1597 2028 1808 2091 Pitane,
1827 2028 1916 2077 ubi
1938 2029 2127 2077 lateres
2146 2043 2265 2079 eum
2282 2039 2402 2080 sunt
2428 2033 2597 2098 ducti,
2614 2041 2667 2084 et

1597 2101 1842 2165 arefacti,
1860 2104 2082 2169 projecti
2102 2112 2282 2155 natant
2299 2106 2351 2155 in
2366 2120 2521 2171 aqna.
2558 2110 2607 2158 N
2613 2124 2665 2158 a-

1599 2189 1712 2229 tare
1752 2188 1926 2229 autem
1969 2195 2058 2230 eos
2093 2196 2248 2245 posse
2294 2183 2416 2232 ideo
2435 2185 2668 2250 videtur,

1599 2256 1739 2321 quod
1777 2263 1918 2307 terra
1941 2265 2042 2321 est,
2061 2259 2127 2307 de
2143 2274 2245 2323 quo
2261 2260 2544 2326 ducuntur,
2572 2278 2668 2326 pn·

1595 2332 1820 2384 micon)
1886 2334 2045 2398 Lege,
2083 2336 2098 2362 ‘
2120 2336 2392 2386 Calentum
2425 2343 2482 2387 et
2511 2339 2665 2388 Max·

1593 2410 1701 2459 ilua
1721 2408 1756 2458 z'
1791 2409 1943 2459 derne
1967 2420 2162 2462 cetera.

1659 2490 1742 2553 21.
1775 2486 1912 2535 Ibid.
1951 2487 2137 2551 Patris,
2159 2488 2286 2536 oedes
2299 2487 2443 2537 Jovis
2462 2494 2513 2539 et
2529 2490 2662 2560 Her-5

1591 2560 1732 2623 culis]
1762 2561 1849 2610 Sic
1885 2560 2005 2609 libri
2040 2563 2167 2611 editi
2201 2577 2397 2618 omnes,
2421 2573 2478 2615 et
2503 2579 2663 2615 manu

1592 2638 1823 2686 exarati:
1860 2652 2075 2701 quorum
2107 2652 2173 2687 ex
2195 2636 2297 2687 fide
2322 2640 2544 2690 alterum
2569 2642 2663 2691 Vi·

1595 2714 1750 2761 truvii
1788 2713 1958 2762 locum
1997 2728 2254 2778 sanamus,
2279 2727 2339 2763 n.
2361 2718 2408 2763 8.
2431 2731 2557 2780 pag.
2577 2723 2660 2768 29.

1592 2795 1608 2818 ⁸
1632 2790 1711 2839 De
1732 2790 1975 2839 lateritiis
1998 2804 2138 2847 vero,
2155 2790 2435 2841 dummodo
2453 2794 2520 2843 ad
2544 2810 2663 2857 per·

1592 2866 1922 2930 pendiculum
1946 2866 2051 2914 sint
2074 2874 2292 2924 stantes,
2332 2869 2462 2918 nihil
2498 2871 2663 2921 dedu-

1591 2942 1757 2992 citur:
1793 2943 1886 2992 sed
1907 2944 2088 3006 quanti
2118 2942 2317 2994 fuerint
2350 2947 2475 2996 olim
2509 2946 2662 3010 facti,

1592 3018 1727 3067 tanti
1754 3033 1865 3067 esse
1901 3032 2106 3082 semper
2139 3020 2484 3076 aestimantur.
2551 3025 2661 3074 lta-

1591 3108 1692 3158 que
1716 3095 1974 3143 nonnullis
2017 3096 2318 3146 civitatibns
2349 3105 2406 3147 et
2444 3097 2659 3163 publica

1591 3185 1772 3236 opera,
1794 3179 1850 3220 et
1885 3172 2109 3234 privatas
2145 3173 2343 3231 domos,
2375 3176 2539 3225 etiam
2579 3192 2658 3226 re·

1592 3249 1721 3310 gias,
1755 3264 1784 3295 e
1827 3248 1994 3298 latere
2034 3255 2263 3298 structas
2307 3249 2432 3300 licet
2465 3252 2662 3302 videre.

1593 3322 1665 3371 Et
1681 3323 1904 3387 primum
1924 3322 2146 3373 Athenis
2167 3339 2387 3388 murum,
2405 3328 2495 3394 qui
2515 3343 2663 3392 spec·

1593 3408 1672 3451 tat
1696 3401 1759 3450 ad
1785 3400 2093 3465 Hymettum
2128 3409 2385 3465 montem;
2423 3413 2479 3455 et
2516 3406 2658 3456 Pen-

1593 3478 1861 3527 telensem.
1910 3476 2043 3527 Item
2069 3479 2292 3539 parietes
2307 3479 2358 3527 in
2377 3481 2494 3530 aede
2509 3482 2658 3537 Jovis

1590 3560 1645 3603 et
1668 3552 1911 3602 Herculis
1936 3554 2187 3603 lateritias
2210 3556 2386 3618 cellas,
2414 3572 2537 3608 cum
2561 3560 2657 3609 cir-

1588 3645 1650 3681 ca
1686 3630 1898 3694 lapidea
1935 3630 1990 3680 in
2030 3631 2143 3679 aede
2176 3633 2421 3695 epistylia
2453 3636 2581 3699 sint,
2599 3645 2656 3687 et

1587 3706 1880 3758 columnae.’
1946 3708 2085 3770 Lege
2108 3709 2125 3737 ‘
2146 3708 2283 3757 Item
2309 3710 2525 3760 Patris!
2569 3714 2669 3772 Sic

1585 3787 1722 3835 enim
1768 3784 2010 3848 apposite
2049 3785 2298 3849 oppidum
2336 3789 2557 3855 oppido,
2584 3789 2653 3840 A·

1586 3860 1757 3912 thenis
1781 3862 1956 3915 Patrae
1980 3872 2334 3926 opponuntur.

1649 3944 1733 3991 22.
1768 3941 1904 3989 CA».
1924 3953 2024 3990 mr.
2061 3940 2143 3997 Sic
2173 3946 2220 3990 et
2251 3942 2484 3992 ambustis
2510 3946 2656 4007 prod·

1584 4022 1679 4078 est,
1714 4022 1764 4065 et
1799 4016 2078 4076 furfuribus
2119 4031 2365 4081 corporum
2402 4034 2513 4072 cum
2550 4036 2653 4071 sero

1578 4091 1728 4156 picis]
1780 4093 1869 4142 Ita
1912 4094 2048 4143 hunc
2090 4094 2261 4144 locum
2308 4095 2649 4154 restituimus,

1584 4184 1650 4224 ex
1672 4168 1777 4219 fide
1803 4170 1930 4233 Reg-
1950 4174 2001 4220 2.
2023 4169 2238 4237 codicis,
2260 4185 2379 4222 cum
2409 4174 2557 4238 prius
2578 4174 2649 4237 le,-

2558 4261 2585 4284 ι.)
