3000 4917
699 382 800 432 An
846 382 906 434 0.
956 381 1192 436 maun
1243 383 1575 434 SEoUNm
1625 386 1772 437 mn.
1820 385 2109 435 XXXIV.

360 1249 421 1297 sl
434 1250 478 1297 Ι..
669 1251 788 1298 41³.

356 2770 423 2824 In
444 2774 620 2825 allatis
636 2781 811 2826 autem
822 2775 1139 2826 numismatis
1155 2778 1356 2842 insigne

297 2862 406 2912 prae
446 2852 640 2899 ceteris
684 2858 768 2901 est
808 2852 1061 2902 numisma
1096 2860 1358 2914 octavum,

294 2924 433 2988 qnod
462 2929 722 2989 geminam
756 2929 1074 2978 notationem
1109 2930 1359 2991 temporis

293 2999 535 3053 exbibet:
574 3003 793 3052 alteram
809 3003 927 3055 anni
942 3004 993 3052 in
1012 3003 1232 3053 Perside
1254 3005 1359 3069 pri-

296 3075 393 3135 mi;
425 3076 648 3125 alteram
670 3078 788 3127 anni
812 3077 864 3125 in
890 3077 1201 3128 Macedonia
1224 3080 1358 3129 vice·

297 3150 429 3212 simi,
445 3152 608 3216 quiin
630 3167 816 3201 annum
832 3153 972 3202 illum
994 3154 1213 3215 primum
1232 3155 1359 3204 Per·

297 3226 391 3279 sici
413 3226 623 3289 imperii
647 3227 928 3278 incidebat.
994 3228 1252 3279 Prohibet
1272 3244 1360 3278 au·

298 3306 398 3350 tem
432 3310 697 3365 praeterea
732 3316 969 3352 nummus
1002 3305 1233 3354 decimus
1258 3313 1361 3354 ter-

299 3377 421 3442 tius,
463 3378 519 3427 in
561 3394 661 3443 quo
717 3392 882 3429 annus
935 3387 1018 3429 est
1067 3381 1361 3431 tricesimus

299 3459 597 3509 annotatus,
619 3468 686 3502 ne
709 3454 823 3504 aliis
846 3461 937 3505 ant
958 3454 1072 3519 ipse
1104 3461 1195 3506 aut
1216 3469 1362 3506 nnm-

297 3527 363 3576 mi
382 3529 554 3577 ceteri
579 3527 860 3592 affigantur
880 3531 1046 3591 annis,
1074 3546 1228 3596 quam
1249 3533 1361 3596 qni-

299 3601 387 3653 bus
410 3603 623 3653 eosdem
659 3605 953 3654 tribuimus.
1019 3608 1361 3658 Demonstrat

297 3677 432 3726 enim
470 3693 663 3728 annum
711 3679 918 3744 quidem
963 3683 1110 3744 regni
1156 3683 1360 3732 tricesi-

295 3766 431 3802 mam
471 3754 665 3803 vidisse
705 3753 1080 3819 Alexandrum,
1122 3756 1214 3806 sed
1251 3772 1355 3807 non

297 3830 603 3890 excessisse,
638 3830 896 3895 siqnidem
933 3844 1092 3880 annus
1130 3847 1354 3896 sequeus

300 3902 493 3965 primus
533 3919 699 3955 annus
739 3912 820 3954 est
864 3919 983 3954 εει-ω
1038 3905 1357 3958 Graecornm.

360 4159 417 4204 8.·
442 4155 583 4205 Ibid.
615 4154 702 4206 Ad
720 4158 869 4207 adem
888 4159 1115 4223 Fortunoe
1133 4160 1354 4224 huiusque

295 4229 415 4292 diei]
446 4230 545 4280 His
561 4234 848 4296 postremis
859 4234 1031 4284 verbis
1048 4235 1249 4287 dnobus
1268 4250 1352 4286 ca·

300 4313 416 4356 rent
434 4305 551 4358 libri
574 4306 727 4360 editi.
807 4308 870 4360 In
895 4311 1024 4377 Reg.
1043 4316 1093 4364 2.
1116 4313 1353 4379 suisque,

1245 1255 1297 1302 2.
1360 1249 1544 1300 Annus
1662 1255 1714 1302 2.

1372 1809 1442 1859 ris
1464 1811 1603 1860 anni.

2327 369 2501 436 4527

1772 530 1792 556 ⁴
1805 530 1895 579 sed
1907 529 2111 593 gravior
2120 533 2174 579 et
2185 528 2354 592 potior
2361 529 2501 591 apud

1782 623 1878 658 nos
1893 610 2065 658 Sacroe
2081 609 2366 672 Scriptum
2381 623 2501 659 anc-

1784 690 1986 745 toritas,
2003 685 2118 754 quae
2136 689 2209 738 ita
2218 689 2412 740 factum
2427 689 2503 740 af·

1782 769 1994 820 firmat.'
2030 770 2437 833 Triumphasset‚
2458 770 2503 819 si

1778 851 1952 905 sciret,
1996 865 2112 900 cnm
2155 849 2325 899 Sacris
2360 850 2502 900 Lite·

1780 930 1870 992 ris,
1891 929 2024 979 Solis
2046 944 2106 978 ac
2128 931 2302 993 Lunae‚
2321 930 2504 980 Plinii·

1780 1025 1901 1075 que,
1936 1024 1999 1060 ac
2037 1018 2269 1060 veterum
2313 1012 2503 1060 numis-

1786 1098 1979 1141 matum
2025 1090 2377 1140 testimonium
2425 1089 2502 1139 fa·

1780 1186 1918 1220 cere.

1779 1250 1962 1301 Annus
1978 1250 2169 1315 primns
2181 1251 2506 1315 Graecornm,

1368 1332 1565 1394 primus
1790 1347 1821 1380 a
1839 1332 2135 1395 Septembri
2158 1346 2331 1381 mense
2351 1346 2502 1396 supe·

1366 1411 1592 1462 Seleuci·
1791 1412 1940 1461 rioris
1976 1413 2115 1472 anni,
2154 1425 2195 1460 1.
2222 1412 2429 1463 Macch.
2464 1426 2504 1464 ι.

1369 1491 1570 1547 darum,
1789 1496 1836 1542 9.
1871 1491 1937 1540 de
1959 1490 2257 1542 Alexandro
2286 1493 2364 1543 M.
2399 1494 2503 1544 ‘Et

1367 1572 1569 1634 aSept.
1786 1571 2120 1621 obtinuerunt
2176 1573 2322 1635 pueri
2374 1573 2501 1636 ⁴ejus

1370 1665 1547 1700 mense
1785 1666 2017 1715 regnum,
2062 1652 2407 1717 unnsquisque
2447 1653 2503 1703 in

1372 1730 1601 1793 superio·
1648 1776 1655 1781 ,
1780 1733 1894 1782 loco
1912 1746 2036 1793 sno;
2071 1740 2126 1782 et
2149 1732 2502 1795 imposuerunt

1778 1826 1957 1862 omnes
2009 1813 2279 1875 Seleucus,
2321 1813 2502 1863 Ptole-

1784 1906 1965 1954 maens,
1985 1900 2041 1943 et
2061 1893 2167 1947 alii,
2197 1892 2299 1942 sibi
2323 1893 2504 1943 diade·

1781 1987 1886 2033 ma,
1913 1972 2091 2021 statim
2124 1979 2247 2036 post
2281 1983 2499 2023 mortem

1779 2054 1909 2116 ejus.
1943 2053 2147 2102 Seleuci
2167 2052 2281 2110 filii,
2304 2061 2360 2103 et
2373 2055 2503 2104 Pto·

1780 2134 1970 2196 lemaei,
2025 2140 2147 2196 post
2208 2147 2298 2181 eos
2352 2135 2502 2186 annis

1781 2213 1995 2262 multis=
2053 2220 2110 2261 et
2160 2213 2502 2277 multiplicata

1780 2301 1901 2342 sunt
1922 2291 2125 2341 malain
2149 2291 2319 2342 terra.'
2362 2293 2501 2342 Hinc

1781 2388 1884 2422 aera
1905 2373 2232 2436 Graecorum,
2254 2373 2401 2435 cujus
2419 2374 2502 2423 hic

1781 2468 1942 2502 annus
1964 2454 2158 2516 primus
2183 2458 2285 2514 est,
2303 2452 2370 2501 ab
2392 2453 2501 2502 obi·

1786 2541 1845 2582 tu
1884 2531 2171 2583 Alexandri
2204 2533 2384 2596 caepit,
2406 2532 2502 2584 boc

1777 2621 1880 2677 est,
1924 2613 2081 2664 tertio
2125 2613 2339 2663 circiter
2382 2620 2502 2677 post

1775 2708 1970 2752 mense,
1992 2694 2100 2743 sive
2123 2691 2437 2757 Septembri.

1440 2776 1557 2828 Nisi
1580 2776 1718 2828 forte
1741 2778 1857 2841 quis
1891 2776 2175 2837 existimet,
2206 2790 2308 2825 non
2338 2789 2499 2825 annos

1439 2854 1602 2917 regni,
1622 2853 1714 2903 sed
1735 2853 1907 2903 etatis
1932 2851 2240 2908 Alexandri,
2277 2852 2329 2899 in
2353 2865 2500 2900 num·

1439 2930 1538 2978 mis
1559 2929 1720 2992 ipsius
1743 2929 1966 2991 signari:
1990 2926 2043 2976 id
2066 2925 2203 2990 quod
2221 2939 2371 2974 nemo
2388 2937 2499 2974 cer·

1442 3009 1495 3052 te
1534 3004 1588 3052 in
1624 3005 1719 3053 hoc
1752 3016 1945 3067 genere
1971 3001 2289 3051 exercitatus
2314 2998 2500 3062 proba·

1442 3078 1594 3134 verit.
1637 3093 1752 3128 cnm
1796 3078 2002 3127 omuino
2040 3075 2110 3124 sit
2147 3075 2402 3133 insolens;
2443 3081 2500 3124 et

1442 3154 1598 3202 risum
1642 3152 1708 3201 de
1753 3168 1810 3202 se
1841 3152 2152 3216 jampridem
2193 3149 2499 3212 praebuerit,

1440 3228 1529 3292 qni
1552 3227 1604 3277 id
1630 3227 1868 3277 similiter
1904 3226 1971 3276 de
2003 3225 2166 3282 annis,
2191 3224 2277 3289 qui
2300 3224 2499 3275 suntin

1439 3303 1640 3354 Graecis
1674 3301 1944 3352 Commodi
1978 3300 2112 3364 Imp.
2146 3300 2363 3350 nummis
2398 3299 2500 3364 sig·

1438 3379 1571 3443 nati,
1590 3378 1913 3428 asseruisset.
1942 3377 2088 3427 Nihil
2102 3376 2259 3438 igitur
2280 3375 2384 3425 dici
2404 3390 2496 3439 po-

1437 3461 1544 3506 test
1575 3462 1982 3506 consentaneum
2020 3453 2185 3516 magis
2221 3464 2338 3501 cum
2373 3452 2498 3501 ratl-

1437 3546 1536 3582 one
1569 3539 1877 3596 temporum,
1898 3544 1962 3580 ac
1984 3543 2107 3578 vera
2130 3542 2300 3578 rerum
2325 3520 2497 3589 'gesta-

1439 3623 1549 3658 rum
1561 3609 1714 3665 serie,
1728 3622 1845 3671 quae
1869 3606 2018 3657 initio
2038 3604 2156 3653 libri
2183 3603 2332 3667 primi
2348 3603 2494 3653 Mac·

1435 3685 1761 3735 chabaeornm
1796 3682 2178 3738 describuntur,
2205 3694 2354 3744 quam
2389 3680 2495 3729 ista

1435 3767 1672 3813 veterum
1728 3757 2091 3813 numismatum
2135 3758 2273 3804 inter
2326 3769 2382 3804 se
2436 3762 2492 3805 et

1435 3848 1555 3884 cnm
1602 3834 1692 3883 illa
1734 3832 2032 3883 narratione
2062 3829 2333 3895 consensio
2372 3828 2492 3882 est.’

1438 3908 1537 3959 Ed.
1552 3922 1642 3958 sec.

1432 4162 1619 4223 hiv'usce
1669 4163 1795 4212 diei:
1849 4177 1965 4227 quaa
2010 4163 2170 4214 verba
2217 4164 2490 4214 Pintianns

1434 4251 1553 4287 cnm
1576 4238 1751 4301 spuria
1772 4237 2029 4296 crederet,
2051 4241 2114 4289 od
2129 4241 2276 4289 oedem
2299 4241 2491 4291 Nortia

1437 4315 1656 4366 Etrusca
1676 4314 1801 4366 Deoe
1819 4315 2165 4380 conjiciebat:
2194 4316 2368 4382 lepide
2407 4330 2487 4366 ss-
