3000 4917
732 404 796 451 c.
846 400 1091 450 PL1N11
1140 398 1466 447 saeuum
1523 396 1673 445 [ΑΒ.
1710 394 1789 443 11.
1831 377 1962 462 (9.)

247 545 319 595 ad
353 546 497 602 rotie,
520 559 624 594 nou
663 544 730 594 ad
768 545 1041 605 modulatio,
1062 542 1177 608 q'uae
1207 545 1324 591 vox·

247 622 306 670 in
343 623 473 671 Mss.
511 636 612 674 non
652 628 753 681 est,
783 629 837 670 et
868 634 1043 669 sensus
1080 621 1183 669 sit:
1220 621 1307 667 De

249 711 355 745 uno
378 695 627 760 signifero
643 697 837 746 circulo
859 698 1013 746 hie-se
1034 698 1311 757 dicturum,

248 771 388 834 quod
412 773 554 821 circa
587 786 703 819 eum
736 772 887 833 primi
924 771 1309 820 Anaximander

247 854 307 895 et
340 847 665 896 Cleostratus
702 847 1108 910 observaverint,
1154 855 1307 897 caete·

249 938 425 979 rorum
470 925 779 973 circulorum
834 927 1144 973 mentionem
1190 939 1305 973 cum

249 1001 517 1049 mentione
563 1007 715 1047 terrae
745 1001 939 1061 >aptius
995 1001 1305 1063 conjungen-

252 1076 409 1135 dam3
444 1075 578 1138 quod
614 1073 744 1124 facit
788 1076 840 1124 in
876 1075 977 1125 fine
1018 1077 1153 1124 libri.
1212 1078 1308 1125 Ge·

249 1152 421 1200 leuius.
463 1184 470 1190 -

321 1226 569 1288 Sphoeram
611 1227 783 1289 ipsein,
814 1228 923 1291 Sym]
959 1229 1086 1278 Eam
1114 1228 1307 1275 Anaxi-

250 1302 458 1351 mandri
483 1303 749 1353 inventum
790 1319 997 1368 quoque
1021 1305 1182 1352 tradit
1207 1317 1308 1351 vn.

251 1384 339 1428 56.
396 1379 648 1442 Sphoeram
670 1381 820 1442 ipsam
838 1385 949 1429 unte
973 1382 1119 1428 multo
1141 1380 1307 1442 Atlas]

250 1455 419 1517 Lege,
455 1456 702 1518 Spkaeram
735 1456 836 1520 ipso
875 1459 1107 1520 pandente
1140 1458 1311 1505 mundo

252 1533 415 1581 Atlas.
459 1533 687 1582 Mundus
709 1534 839 1596 ipse,
859 1533 955 1581 hoc
977 1542 1081 1591 est,
1104 1533 1307 1594 coelum,

254 1610 565 1673 sphaericum
611 1621 665 1661 et
712 1613 866 1674 plane
902 1612 1155 1673 sphaeram
1194 1624 1308 1658 sese

256 1699 374 1738 esse
419 1685 613 1737 fatetur
657 1696 712 1737 et
758 1687 972 1750 pandit=
1009 1688 1119 1750 ipso
1148 1686 1316 1748 igitur

255 1763 518 1825 pandente
562 1763 751 1812 mundo
811 1764 1065 1825 sphaeram
1111 1762 1311 1809 invenit

254 1841 425 1900 Atlas,
464 1841 551 1904 qui
591 1836 784 1904 primus
818 1839 1080 1888 intellexit
1123 1839 1308 1887 coelum

256 1916 339 1964 vel
364 1916 607 1964 mundum
646 1915 898 1977 sphaeram
944 1927 1071 1962 esse.
1137 1912 1322 1975 Sequiae

257 2000 363 2055 tur,
388 1990 529 2054 qnod
566 1990 641 2040 sic
681 1989 987 2052 legendnm:
1024 1990 1108 2037 hoc
1139 1994 1209 2038 est
1241 1988 1309 2037 si-

254 2071 417 2118 derum
434 2068 699 2127 ortusforis
718 2067 975 2131 aperuisse.
1043 2064 1175 2112 Vide
1201 2066 1309 2114 Sal-

249 2160 383 2202 mas.
406 2162 460 2210 p.
485 2151 599 2196 823.
623 2162 669 2196 a.
693 2146 742 2195 b.

295 2224 520 2272 *Saturni
538 2224 691 2286 sidus]
726 2222 977 2272 Saturnus
1017 2221 1193 2283 lingua
1213 2222 1310 2284 Sy-

256 2302 394 2350 riaca
411 2302 521 2348 sive
538 2298 794 2360 Aramaea,
808 2312 912 2362 qua
930 2296 1005 2344 usi
1019 2306 1139 2344 suut
1153 2297 1309 2344 Thus·

257 2378 325 2439 ci,
348 2379 598 2427 latentem
622 2373 903 2437 signifieat,
936 2373 1000 2421 ab
1027 2383 1146 2433 nnn,
1179 2387 1311 2421 occu·

256 2457 351 2506 luit
386 2472 504 2517 sese,
525 2457 686 2518 latuit,
710 2455 784 2502 uti
819 2458 993 2501 monet
1021 2453 1087 2500 P.
1110 2452 1312 2500 Merula

258 2535 417 2598 snper
437 2538 570 2587 Eun.
591 2549 644 2596 p.
667 2535 749 2581 94.
813 2528 943 2577 Inde
970 2528 1206 2586 Latinum
1227 2543 1308 2575 vo-

259 2616 531 2671 caverunt,
573 2616 628 2658 et
672 2607 782 2670 ejus
827 2618 1038 2653 uxorem
1087 2602 1309 2667 Latiam,

262 2687 373 2738 slve
402 2688 596 2735 Latiam
623 2683 850 2733 Saturni.
886 2681 1053 2729 Dalec.

324 2763 542 2827 Loevum]
575 2760 787 2819 Plinius,
810 2770 1058 2819 augurum
1083 2754 1310 2817 discipli-

259 2853 375 2888 nam
415 2845 684 2902 sequutus,
702 2847 917 2898 pronam
954 2831 1141 2881 faciem
1179 2833 1311 2880 intu-

258 2916 395 2965 entis
418 2916 470 2963 in
497 2914 735 2962 Austrum
763 2918 1002 2972 spectare
1022 2909 1212 2956 voluit:
1238 2910 1320 2955 in·'

258 2992 428 3055 deque
447 2992 631 3038 laevuun
656 2988 756 3035 erit
779 2986 865 3034 ubi
892 2987 966 3033 sol
990 2984 1171 3038 oritur,
1190 2983 1310 3030 dex·

263 3076 399 3118 trum
423 3066 524 3115 'ubi
563 3064 771 3113 occidit.
835 3060 1099 3110 Aristoteli
1138 3059 1309 3107 mundi

258 3145 449 3193 dextra
478 3149 597 3191 sunt
618 3140 872 3200 exortiva,
911 3138 1040 3186 laeva
1064 3135 1309 3185 occidua:

258 3222 436 3271 Solino
471 3220 658 3267 dextra
707 3215 1143 3277 septentrionalia,
1186 3214 1313 3261 laeva

259 3296 637 3349 meridionalia.
707 3292 902 3341 Ebraeis
923 3289 1165 3339 meridies
1189 3289 1313 3335 dex-

263 3385 365 3436 ter,
388 3372 772 3436 septentriones
810 3365 1026 3415 sinistri.
1096 3364 1312 3413 Inludis

262 3449 591 3502 Circensibus
614 3460 705 3495 cur
727 3443 888 3494 Solini
919 3442 1049 3489 ratio
1074 3441 1314 3490 observa-

260 3534 318 3576 ta
352 3528 439 3589 sit,
470 3522 698 3586 explicat
727 3519 779 3568 J.
802 3518 997 3579 Gorop.
1023 3516 1255 3579 Hierogl.
1279 3517 1313 3566 1.

262 3619 350 3655 ιιι.
373 3618 422 3665 p.
445 3608 529 3652 37.
567 3601 714 3649 Idem.

331 3681 550 3731 Tertium
584 3678 783 3734 Mortis,
817 3680 939 3739 quod
976 3674 1165 3737 quidam
1188 3670 1316 3719 Her·

261 3760 383 3808 culis
402 3762 588 3820 vocant,
608 3757 751 3817 ignea
770 3752 982 3801 ardentis
1007 3751 1129 3798 Solis
1149 3746 1316 3795 vicini·

259 3841 379 3891 tute,
425 3834 549 3883 binis
567 3833 680 3892 fere
712 3831 853 3879 annis
884 3824 1116 3885 converti]
1154 3825 1315 3871 Vetus

262 3912 444 3973 lectio,
479 3907 633 3970 Ignei,
671 3905 885 3955 ardentis
917 3919 946 3951 a
984 3902 1112 3950 Solis
1147 3898 1313 3947 vicini·

261 3994 379 4042 tute,
414 3971 844 4049 quemadmodum
884 3984 938 4028 et
977 3977 1151 4025 Livius
1176 3985 1315 4035 saepe

263 4064 512 4128 loquitur.
580 4060 799 4107 Causam
815 4055 978 4117 dedit,
1001 4048 1101 4101 non*
1125 4064 1216 4100 cur
1239 4049 1313 4098 bi·-

266 4141 419 4189 ennio
444 4137 691 4186 circulum
712 4133 964 4192 absumat,
993 4129 1083 4178 sed
1110 4139 1201 4176 cur
1236 4140 1313 4174 ar-

267 4218 396 4267 deus
419 4216 488 4263 sit
511 4221 565 4262 et
594 4207 788 4274 igneu‘s.
822 4210 985 4257 Geleu.

336 4289 809 4353 Temperarsuovem
833 4286 1177 4343 salutaremque
1195 4277 1316 4343 fieri

2267 374 2441 440 4965

1384 538 1566 602 Deum]
1632 539 1712 586 De
1750 537 1918 587 sidere
1955 535 2203 601 loquitur,
2237 548 2337 584 non
2372 534 2439 583 de

1386 617 1518 665 Deo.
1552 614 1735 664 Scriba
1753 614 1982 676 proxime
2000 618 2298 676 sequentem
2325 625 2440 673 par·

1387 694 1593 741 ticulam
1619 694 1807 742 Deinde
1840 691 2152 753 depravavit
2186 690 2240 737 in
2281 689 2440 737 Deum

1384 771 1512 818 inde.
1549 770 1736 822 Geleu.

1448 845 1666 904 Luciferi
1700 858 1862 893 nornen
1893 838 2097 903 accepit]
2141 838 2437 888 Luciferum

1385 920 1616 969 diurnam
1637 921 1837 970 stellam
1863 926 2016 966 vocat
2050 918 2223 965 Plaut.
2247 916 2298 963 in
2322 916 2437 963 Me·

1386 997 1603 1046 naechm.
1670 995 1842 1043 ‘Inde
1887 1007 2050 1057 usque
2096 991 2159 1041 ad
2204 991 2438 1038 diurnam

1384 1073 1586 1120 stellam
1623 1071 1900 1119 crastinam
1948 1067 2245 1132 potabimus
2285 1063 2438 1113 cras.’

1344 1160 1352 1169 ⁹
1385 1148 1795 1210 vesperuginem
1833 1143 2292 1210 quidamtVeneris
2327 1155 2439 1189 esse

1386 1227 1590 1274 stellam
1602 1227 1951 1286 putaverunt,
1970 1221 2164 1270 acideo
2179 1220 2440 1267 Venerem

1385 1301 1736 1362 noctivigilam
1775 1299 2124 1362 appellarunt,
2165 1302 2222 1343 ut
2260 1295 2436 1342 Plant.

1385 1378 1435 1425 iu
1452 1377 1604 1426 Cure.
1622 1384 1711 1424 aut
1739 1375 2070 1429 noctilucam,
2095 1380 2154 1421 ut
2179 1372 2400 1420 Levinus
2421 1386 2436 1417 ι

1383 1454 1672 1501 ‘Venerem
1728 1452 1883 1512 igitur
1955 1450 2139 1498 almam
2197 1446 2438 1504 adorans,

1384 1528 1494 1577 sive
1517 1527 1726 1575 foemina
1749 1526 1856 1574 sive
1889 1538 1997 1573 mas
2034 1530 2132 1577 est,
2157 1523 2229 1570 ita
2256 1522 2327 1569 uti
2368 1521 2442 1570 al-

1383 1618 1462 1651 ma
1480 1603 1759 1651 Noctiluca
1783 1600 1897 1649 est.'
1931 1600 2102 1649 Doleo.

1456 1679 1650 1742 Vesper]
1681 1677 1813 1725 Inde
1848 1677 2172 1738 Vesperugo,
2205 1678 2441 1721 extrema

1384 1755 1488 1804 diei
1513 1770 1651 1817 pars,
1677 1761 1732 1803 et
1777 1754 1938 1815 prima
1978 1752 2171 1799 noetis.
2236 1750 2398 1797 Varro
2425 1765 2439 1797 t

1383 1831 1564 1879 ‘luter
1601 1830 1990 1892 vesperuginem
2025 1834 2080 1876 et
2106 1826 2265 1890 jubar
2301 1826 2443 1873 dicta

1387 1922 1488 1956 nox
1547 1907 1879 1968 intempesta,
1911 1904 2126 1969 (omitto
2152 1900 2440 1965 qnaedam,)

1385 1998 1537 2046 quiam
1564 1981 1726 2031 AElius
1760 1981 1987 2040 dicebat,
2019 1993 2134 2027 cum
2161 1985 2361 2038 tempus
2384 1989 2438 2024 a·

1385 2059 1540 2122 gendi
1565 2065 1646 2107 est
1683 2057 1911 2104 nullum:
1946 2054 2082 2117 quod
2127 2052 2214 2100 alii
2249 2064 2444 2099 concu-

1385 2136 1524 2185 bium
1564 2133 1909 2196 appellarunt,
1933 2128 2068 2193 quod
2109 2140 2288 2176 omnes
2322 2122 2438 2173 fere

1389 2220 1513 2264 tunc
1526 2210 1794 2260 ‘cubarent
1815 2207 1849 2256 ς’
1883 2205 2057 2268 κνέφας
2077 2202 2436 2268 vesperuginem

1388 2289 1558 2338 Graeci
1584 2286 1846 2349 appellare
1864 2283 2123 2342 videntur,
2143 2278 2278 2345 quod
2299 2287 2441 2328 terra

1388 2367 1504 2413 luce
1526 2376 1703 2412 carere
1728 2360 1958 2422 incipiat.
1976 2357 2148 2406 ·Hom.
2172 2356 2235 2405 ll.
2255 2361 2313 2403 A.
2347 2352 2440 2401 Ἠ-

1384 2459 1471 2501 μος
1483 2441 1523 2489 δ’
1536 2438 1692 2497 ἠέλιος
1703 2436 1889 2498 κατέδυ,
1904 2432 1981 2483 καὶ
1998 2431 2075 2483 ἐπὶ
2089 2429 2263 2493 κνέφας
2277 2428 2451 2487 ‘limem‘

1388 2518 1605 2580 Vesperi
1672 2522 1906 2564 exortum
1989 2512 2203 2575 primam
2267 2505 2439 2556 facem

1388 2596 1641 2659 Apuleius
1700 2600 1752 2643 et
1809 2590 2108 2640 Macrobius
2159 2588 2436 2636 dixerunt:

1390 2687 1488 2721 non
1525 2670 1661 2734 quod
1704 2675 1828 2717 tunc
1866 2666 2009 2715 faces
2038 2663 2441 2713 accenderentur
2520 2661 2527 2670 “

1388 2757 1443 2797 et
1467 2749 1711 2803 lucernae‚
1733 2758 1883 2809 quam
1908 2744 1975 2792 ob
2001 2755 2106 2788 rem
2141 2739 2260 2787 Gal.
2292 2733 2440 2796 ἡμμέ-

1387 2829 1476 2873 νὼν
1513 2823 1618 2884 ἄρτι
1653 2820 1846 2882 λύχνων
1886 2821 2058 2867 horam
2092 2813 2441 2876 vespertinam

1390 2903 1480 2961 ait,
1503 2909 1562 2949 nt
1584 2898 1848 2947 meridiem
1879 2895 2148 2951 Lucianus‚
2167 2887 2284 2949 ἀμφὶ
2317 2886 2442 2943 πλή-

1388 2984 1562 3027 θουσαν
1602 2975 1795 3037 ἀγορὰν,
1841 2972 1973 3033 qiiod
2027 2983 2092 3016 ea
2144 2967 2250 3015 diei
2293 2972 2442 3027 parte

1388 3054 1610 3103 maxima
1649 3052 1718 3099 sit
1760 3050 1810 3096 in
1850 3045 1965 3095 foro
1998 3041 2312 3107 frequentia,
2350 3039 2441 3088 sed

1390 3130 1524 3193 quod
1558 3126 1775 3189 Vesperi
1810 3124 1968 3171 stella
2005 3128 2124 3181 post
2154 3118 2280 3166 solis
2296 3129 2444 3165 occa·

1390 3221 1499 3256 sum
1529 3204 1695 3267 prima
1720 3203 1908 3250 luceat.
1955 3197 2119 3246 Dalec.

1431 3283 1763 3344 Pythagoras
1829 3272 2043 3333 Samius]
2125 3269 2441 3332 Pythagorae

1390 3362 1591 3421 longam
1638 3354 1920 3414 historiam,
1963 3357 2017 3397 et
2063 3343 2441 3396 incredibilium

1392 3450 1560 3484 rernm
1579 3446 1704 3495 quas
1720 3428 1882 3494 gessit
1903 3426 2166 3479 miracula,
2187 3423 2287 3473 vid.
2304 3420 2455 3483 apud¹

1390 3511 1557 3560 Rhod.
1582 3522 1699 3557 xlx.
1719 3511 1768 3555 7·-
1809 3506 1955 3553 Idem.

1537 3587 1669 3635 CAP.
1691 3596 1772 3632 lx.
1841 3581 1918 3629 De
1942 3579 2088 3628 Lame
2110 3583 2298 3626 natura.

1351 3649 1356 3654 Ι
1453 3661 1627 3722 Lunoe]
1686 3659 1895 3707 Lineam
1931 3652 2247 3709 ἐκλειπικὴν,
2282 3652 2440 3699 Luuae

1391 3740 1634 3797 orbitam,
1673 3733 1962 3783 Tarentina
1998 3744 2122 3777 voce
2159 3726 2457 3775 ‘circulum-

1390 3826 1658 3865 manacum
1678 3809 1692 3833 '
1728 3815 1934 3857 veteres
1958 3804 2304 3866 appellarunt,
2319 3812 2443 3862 qua·

1391 3890 1432 3940 si
1458 3890 1761 3944 maniacum,
1794 3879 2050 3943 μηνιακόνε
2089 3878 2222 3927 unde
2258 3873 2457 3925 Arabi·-

1389 3967 1484 4016 bus
1510 3961 1880 4013 Kalendarium
1908 3954 2202 4005 Almanach.
2260 3951 2438 3999 Vitru-

1392 4045 1499 4093 vius
1530 4041 1618 4090 lib.
1640 4052 1717 4087 xl.
1755 4032 2068 4101 ‘circinatio
2091 4029 2272 4079 circuli
2293 4040 2434 4075 men-

1390 4120 1522 4169 strui
1561 4124 1761 4178 agatur,
1789 4111 1874 4175 qui
1914 4110 2163 4157 Manacus
2201 4101 2430 4153 dicitur.’

1390 4196 1660 4319 chlitzam
1691 4266 1743 4314 in
1784 4260 1963 4323 orbem]
2017 4260 2176 4322 Lego,
2227 4256 2414 4304 sinuata
