3000 4917
815 397 826 408 τ
873 383 1046 435 um.
1092 383 1288 454 msr.
1334 382 1480 431 ma.
1527 379 1815 431 xxxvr.
1855 368 1925 431 4.
2323 371 2498 438 4575

302 548 467 596 nare
495 529 838 612 inciperet,
859 526 990 591 hoc
1022 530 1148 605 est,
1180 524 1584 610 Olympiade
1615 523 1876 591 circiter
1911 542 1977 590 ι..
2036 524 2100 590 Ii
2130 526 2494 613 Sicyonem

305 652 381 697 se
412 630 781 708 contulere,
812 648 966 713 quae
997 628 1114 692 diu
1143 627 1271 692 fuit
1296 627 1703 692 officinarum
1740 617 2032 692 omnium
2080 629 2493 694 metallorum

303 734 549 816 patria.
642 731 936 796 Deorum
969 730 1388 815 quorundam
1417 730 1773 795 simulacra
1816 730 2086 814 publice
2114 731 2499 796 locaverant

304 833 635 918 Sicyonii,
664 850 820 917 quae
847 834 1265 916 priusquam
1296 830 1821 907 absolverentur,
1850 830 2144 896 artifices
2187 830 2509 914 injuriam·

305 935 530 1019 questi
560 934 858 998 abierunt
879 935 945 997 in
978 932 1271 997 AEtoloS.
1360 932 1686 997 Protinus
1736 931 2094 1016 Sicyonem
2140 932 2352 997 fames
2399 934 2498 996 in·

304 1038 491 1102 vasit
517 1056 599 1101 ac
646 1037 1017 1112 sterilitas?
1062 1053 1445 1118 moerorque
1497 1034 1700 1101 diruS.
1791 1034 2191 1100 Remedium
2222 1036 2501 1118 petenti-

303 1140 434 1203 bus
482 1136 735 1222 Apollo
788 1137 1077 1221 Pythius
1127 1136 1523 1221 respondit,³
1570 1139 1591 1171 ‘
1632 1136 1708 1201 Si
1763 1137 2129 1220 Dipoenus
2153 1143 2220 1201 et
2271 1136 2493 1221 Scylis

306 1240 604 1304 Deorum
658 1239 1010 1303 simulacra
1059 1238 1538 1322 perfecissent-³
1628 1238 1835 1317 Quod
1882 1239 2145 1321 magnis
2182 1238 2497 1303 mercedi-

303 1342 438 1405 bus
456 1341 930 1424 obsequiisque
958 1342 1388 1425 impetratum
1416 1348 1542 1407 est.
1633 1341 1853 1405 Fuere
1881 1346 2104 1406 autem
2139 1340 2500 1404 simulacra

305 1461 390 1507 ea
431 1441 832 1525 Apollini&
878 1441 1169 1520 Dianae,‘¹
1217 1441 1566 1520 Herculis,
1620 1442 1977 1520 Minervae,
2014 1441 2192 1526 quod
2239 1461 2279 1505 e
2322 1440 2500 1507 coelo

304 1549 545 1627 postea
574 1549 826 1609 tactum
845 1551 966 1608 est.

390 1642 538 1728 (v.)
582 1642 804 1709 Cum
784 1646 833 1709 1i
866 1650 1108 1722 essent,
1148 1642 1292 1728 jam
1342 1644 1618 1709 fuerat*
1668 1644 1737 1709 in
1775 1643 1948 1710 Chio
2000 1641 2225 1708 insula
2277 1641 2503 1709 Malas

306 1747 643 1829 sculptor:
688 1746 839 1811 dein
869 1746 1048 1810 filius
1075 1744 1226 1829 ejus
1262 1746 1659 1825 Micciades,
1691 1765 1772 1811 ac
1823 1746 2070 1812 deiude
2115 1764 2329 1828 nepos
2377 1743 2505 1809 Ar·

303 1838 634 1924 chernius,
661 1847 861 1930 quus
891 1847 1009 1910 filii
1028 1853 1059 1893 4
1101 1847 1410 1930 Bupalus
1439 1855 1508 1912 et
1531 1844 1818 1912 Athenis
1838 1855 1862 1895 ⁵
1881 1855 1904 1883 ⁸
1947 1845 2350 1912 clarissimi
2332 1866 2401 1909 m
2423 1864 2509 1911 ea
2584 1845 2591 1852 ’

230 2010 235 2014 ,
304 1948 589 2013 scientia
608 1947 818 2027 fuere,
851 1949 1356 2032 Hipponactis⁸
1394 1947 1619 2033 poetae
1650 1955 1870 2030 aetate,
1897 1967 2094 2032 quem
2125 1954 2378 2012 certum
2400 1954 2515 2018 est.

307 2065 441 2116 Lx.
488 2049 896 2134 Olympiade
944 2049 1175 2116 fuisse.
1267 2049 1474 2131 Quod
1522 2052 1583 2114 si
1614 2050 1769 2134 quis
1797 2051 2032 2116 horum
2059 2049 2384 2128 familiam
2414 2048 2505 2114 ad

1222 2230 1313 2251 000
1347 2229 1558 2251 0000000

305 2351 361 2395 et
385 2352 611 2395 recentt.
614 2350 709 2397 -2
750 2345 838 2395 Ita
858 2360 922 2395 ex
946 2346 1099 2395 codd
1124 2347 1427 2397 Harduinus
1450 2356 1505 2397 et
1526 2353 1750 2397 recentt.
1817 2346 2071 2410 Sicyonios
2087 2343 2287 2404 wanda
2329 2343 2508 2394 inuasit

302 2411 539 2460 sterium
561 2411 677 2460 cod.
712 2412 892 2461 Dalec.
950 2412 1009 2460 S.
1034 2412 1194 2471 sames
1214 2412 1392 2461 invasit
1422 2428 1478 2461 uc
1500 2412 1732 2462 sterilitas
1750 2411 1982 2462 Gronov.
2005 2419 2061 2459 et
2083 2411 2254 2472 vulgg.
2256 2411 2353 2457 —3
2387 2401 2513 2457 ‘Ita

304 2475 460 2524 codd.
485 2476 652 2538 Regg.
673 2483 729 2525 et
753 2475 929 2525 Editio
949 2476 1229 2539 princeps-⁹
1268 2477 1488 2526 Brotier.
1552 2477 1718 2540 Apollo
1745 2478 1820 2540 Py
1822 2475 1952 2525 thius
1973 2475 2238 2540 affluar-sm
2267 2474 2509 2537 respondit

305 2540 540 2589 Gronov.
557 2542 623 2589 al.
638 2547 766 2590 vett.
781 2539 1038 2590 Harduin.
1053 2545 1099 2590 l.
1113 2545 1161 2591 2.
1175 2545 1222 2590 3.
1236 2549 1292 2590 et
1307 2547 1533 2590 recentt.
1534 2540 1716 2590 -sAL
1720 2541 1936 2601 fuerant.
1940 2542 2066 2589 -4‘
2078 2537 2161 2587 Ita
2174 2537 2325 2588 codd.
2340 2538 2453 2599 Reg
2423 2552 2510 2600 g.g

304 2607 355 2653 2.
366 2608 414 2653 8.
433 2610 490 2653 ct
508 2603 682 2653 Editio
701 2605 961 2667 princeps.
964 2603 1213 2653 'Bretina
1245 2604 1539 2654 Anthemius
1555 2606 1723 2665 Chius,
1735 2604 1981 2670 cuius-filii
1995 2602 2114 2653 edd.
2128 2611 2260 2652 vett.
2272 2601 2506 2652 Gronov.

307 2667 567 2718 Hardnin.
590 2673 639 2717 1.
659 2673 709 2721 2.
731 2673 780 2718 3.
805 2677 859 2717 et
883 2675 1087 2718 recentt
1093 2675 1203 2718 .-—5
1238 2668 1358 2718 ‘Ita
1391 2671 1523 2719 bene
1548 2670 1783 2718 eruditus
1809 2668 2109 2718 Hardninus
2142 2669 2194 2716 in
2218 2669 2390 2730 priore
2414 2681 2509 2714 sua

303 2732 555 2783 editione.
589 2734 771 2782 Male
758 2747 809 2781 m
828 2733 1013 2788 altera,
1031 2739 1079 2782 et
1100 2731 1406 2783 Anthemus.
1426 2733 1488 2783 Id
1513 2743 1660 2797 patet
1684 2749 1748 2782 ex
1768 2733 2050 2783 Scholiasta
2077 2731 2468 2795 Aristophanis
2455 2744 2506 2779 in

304 2796 467 2859 Aves,
492 2797 581 2847 ubi
603 2797 860 2862 Bupalum
893 2804 951 2847 et
970 2796 1238 2863 Athenim,
1267 2798 1382 2848 ω’*
1379 2804 1568 2858 Aenum,
1605 2797 1896 2849 memorat.'
1927 2799 2143 2848 Brotier.
2217 2797 2425 2859 Bupalus
2460 2800 2510 2844 et

1298 2944 1537 3008 No‘rAE,

317 3079 322 3084 .
366 3044 394 3079 Ρ
414 3036 681 3103 Apollinis]
702 3038 768 3089 Id
792 3038 1116 3090 simulacrum
1141 3040 1207 3090 ab
1224 3041 1369 3105 Scyl-

300 3114 423 3165 lidis
445 3116 764 3181 Dipoenique
785 3117 1055 3181 discipulis
1074 3118 1365 3167 absolutum

301 3191 470 3241 tradit
497 3192 786 3241 Pausanias
807 3193 901 3243 lib.
922 3193 1015 3243 cit.
1037 3208 1092 3256 p.
1110 3196 1223 3245 146.

366 3275 391 3310 ‘¹
418 3267 626 3331 Diana]
648 3268 734 3318 De
755 3268 835 3317 bis
859 3269 1101 3332 operibus
1125 3269 1365 3319 Clemens

301 3343 458 3395 Alex.
499 3346 600 3395 loc.
641 3346 735 3396 cit.
790 3344 980 3405 Σκύλης
1031 3344 1110 3396 καὶ
1147 3345 1369 3396 Ala-omos

303 3418 652 3483 ὄνομαζὲσθην.
732 3421 893 3472 Τούτου
930 3421 983 3472 δὲ
1022 3422 1088 3472 τὰ
1124 3424 1177 3472 ἐν
1202 3422 1367 3488 Ἄργει

303 3500 407 3547 τοῖν
440 3495 751 3563 Διοσκούροιν
786 3497 1047 3559 ἀγάλματα
1082 3498 1366 3549 κατεσκεύα-

305 3591 415 3637 σαν,
437 3574 520 3624 καὶ
550 3573 639 3625 τὸν
681 3575 734 3624 ἐν
768 3573 951 3640 Τίρυνθι
980 3574 1264 3640 ’Ἡρακλέους
1284 3576 1368 3626 ἄν·

305 3650 515 3715 δριάννα,
547 3651 626 3701 καὶ
645 3651 706 3700 τὸ
741 3653 832 3710 τῆς
862 3651 1134 3714 Μουνυχίας
1153 3650 1366 3715 Ἀρτέμι-

307 3731 384 3778 δος
403 3727 575 3790 ξόανον
597 3729 649 3777 ὃν
668 3731 881 3779 tenuem.
948 3730 1115 3794 Scyles
1135 3735 1184 3778 et
1202 3730 1368 3793 Dipoe·

304 3819 393 3854 aas
412 3804 735 3853 uocabuntrwr
766 3805 851 3866 qni
874 3810 922 3853 et
942 3805 1175 3866 &nug-ines
1201 3806 1367 3853 Custo-

305 3880 378 3929 νει
396 3885 448 3930 et
467 3880 686 3929 Ροιικι-ῑ.
721 3893 827 3943 qm
859 3885 969 3929 me
989 3881 1162 3944 Argis,
1192 3885 1242 3929 et
1271 3881 1376 3945 ‘ff‘

304 3956 433 4017 giem
472 3954 703 4004 Herculia
760 3969 880 4018 «μιιιεΔ
908 3960 982 4005 est
1019 3955 1269 4020 Πομπίλε,
1317 3961 1369 4006 et

308 4030 585 4095 nanneno
608 4028 788 4080 Disnoe
823 4030 878 4080 in
917 4031 1122 4097 Sicyone
1162 4036 1368 4081 statum

309 4107 643 4246 ramigniis
680 4189 729 4232 et
767 4181 998 4246 Athenis]
1030 4182 1167 4232 Vide
1204 4181 1370 4232 Notas

314 4264 368 4309 et
389 4260 608 4311 Emend.
642 4273 781 4310 num.
814 4264 861 4309 1.
927 4260 1115 4324 Bupali
1141 4259 1372 4310 meminit

1448 3039 1739 3090 Pausanias
1776 3039 1829 3088 in
1860 3038 2217 3099 Messeniacis‚
2238 3052 2289 3101 p.
2313 3040 2429 3087 274.
2454 3042 2511 3088 et

1447 3116 1498 3165 in
1528 3114 1797 3177 Boeoticis‚
1820 3130 1873 3178 p.
1898 3111 2013 3164 ⁵96.
2080 3112 2360 3163 Athenidis
2393 3112 2509 3163 Sui-

1446 3193 1559 3247 das,
1581 3193 1738 3242 verbo
1768 3191 2101 3253 Ἱππῶναξ-6
2115 3190 2203 3241 Sic
2246 3190 2379 3240 enim
2418 3205 2509 3254 ap·

1447 3271 1610 3334 pellat
1648 3283 1744 3334 pro
1785 3268 2088 3318 Antbermo.
2156 3267 2407 3317 Horatius
2439 3266 2510 3316 E·

1446 3346 1567 3409 pod.
1591 3358 1669 3394 vt.
1692 3344 1998 3409 Hipponax,
2038 3344 2054 3372 ‘
2076 3357 2199 3393 acer
2218 3342 2381 3393 bostis
2402 3342 2509 3391 Bu·

1448 3421 1635 3488 palo.”
1667 3423 1765 3472 Ed.
1784 3436 1877 3471 sec.

1511 3507 1531 3533 ⁸
1564 3494 1908 3563 Hipponactis]
1941 3496 2195 3561 Ephesius
2231 3494 2351 3559 fuit,
2372 3494 2511 3543 Iam·

1446 3576 1626 3626 borum
1670 3571 1978 3625 ‘carminum
2041 3572 2282 3635 scriptor.
2375 3568 2509 3618 Vide

1446 3652 1676 3703 Suidsm.
1743 3650 1984 3701 Meminit
2012 3649 2124 3711 ejus
2147 3654 2203 3695 et
2223 3646 2508 3696 Atinenaeus

1448 3727 1536 3777 lib.
1562 3740 1664 3775 ιιι.
1701 3740 1755 3790 p.
1784 3728 1900 3798 3552.
1966 3722 2084 3772 Hac
2120 3723 2230 3785 ipsa
2269 3720 2513 3784 Olympi-

1450 3803 1570 3863 ade,
1589 3816 1704 3867 qnae
1720 3801 1804 3850 bic
1827 3803 2056 3853 notatur,
2082 3804 2231 3845 natus
2260 3803 2340 3844 est
2365 3800 2508 3843 vates

1452 3877 1741 3941 AEscbylus.
1808 3874 1884 3924 At
1927 3873 2146 3922 Procius
2175 3872 2225 3920 in
2264 3870 2511 3920 Chresto-

1448 3954 1662 4009 matbia,
1702 3959 1760 4002 ut
1801 3950 2022 4000 Pbotius
2061 3947 2245 4008 refert,
2282 3948 2337 3997 in
2367 3947 2508 3997 Bibl.

1447 4028 1566 4080 cod.
1607 4040 1884 4078 ccxxxix.
1931 4039 1984 4088 p.
2024 4027 2140 4073 984.
2208 4023 2510 4087 Hipponac-

1450 4112 1555 4154 tem
1594 4104 1668 4152 ait
1706 4102 1856 4150 Darii
1887 4099 2211 4162 temporibus
2251 4096 2508 4159 floruisse,

1448 4181 1547 4229 hoc
1571 4187 1670 4242 est,
1694 4175 2007 4240 Olympiade
2033 4188 2162 4223 ωιν.
2198 4175 2258 4224 Ὅ
2282 4175 2319 4223 δ’
2339 4173 2507 4223 Ἱππό-

1450 4258 1535 4317 va}
1554 4253 1677 4304 κατὰ
1695 4255 1894 4319 Δαρεῖον
1913 4248 2136 4313 ἤκμαζεν.
