3000 4917
1182 420 1627 474 Αυστοιιυιι.
2331 400 2503 473 4911

360 568 642 628 Amathe,
681 571 758 622 sic
786 570 928 621 enim
960 568 1013 619 in
1048 567 1468 631 inscriptionibus
1501 566 1726 632 antiquis
1749 565 2018 629 scribitur,
2040 572 2095 618 et
2117 566 2258 627 apud
2282 566 2505 619 Diouem

290 653 386 705 lib.
409 668 570 704 tvm.
594 669 645 719 p.
670 657 787 705 638.
818 649 1014 701 Λούκιος
1032 648 1341 714 Ἀρρούντιος.
1395 649 1477 698 De
1500 661 1564 698 eo
1595 646 1801 697 Seneca
1824 647 1923 710 Ep.
1947 660 2096 697 cxrv.
2123 662 2178 710 p.
2199 652 2316 697 484.
2362 649 2379 679 ⁴
2404 648 2508 698 Ar·
2539 708 2544 712 .

290 734 530 795 runtius,'
556 734 743 799 iuquit,
779 735 796 762 ‘
823 732 904 781 vir
927 745 1060 781 rarae
1099 729 1448 794 frugalitatis3
1482 727 1572 792 qui
1606 725 1847 778 historias
1890 726 2014 776 belli
2058 726 2246 775 Punici
2276 726 2506 790 scripsit,

290 810 399 862 fuit
418 813 776 873 Sallustianus,
810 818 866 861 et
900 811 952 860 in
987 810 1112 860 illud
1148 823 1312 873 genus
1345 805 1557 868 nitens,’
1579 809 1677 856 &c.
1748 807 1891 856 vixit
1922 806 2150 870 Augusti
2185 807 2507 871 principata,

293 893 670 957 cujusjudicio
694 892 882 953 dignus
907 891 1020 954 ipse
1042 888 1321 939 Arruntius
1344 886 1638 952 principatu
1659 886 1780 937 fuit.

361 974 698 1024 Artemidorus
732 973 984 1037 Ephesius.
1019 971 1173 1021 Vixit
1205 970 1249 1019 is
1289 970 1505 1034 olymp.
1531 981 1731 1019 cmxix.
1755 974 1814 1019 ut
1842 967 2142 1018 Marcianus
2162 968 2506 1018 Heracleotes

291 1059 522 1103 testatur
541 1054 596 1103 in
612 1053 847 1117 Periplo,
870 1068 923 1116 p.
938 1056 1022 1103 97.
1043 1052 1232 1101 Terras
1250 1049 1551 1114 descripsit,
1569 1054 1626 1099 et
1645 1049 1802 1098 maris
1818 1048 2072 1112 περίπλουν
2084 1050 2231 1099 libris
2248 1048 2506 1099 undecimo

186 1176 192 1183 .
289 1142 355 1183 ut
377 1130 515 1184 idem
539 1134 835 1184 Marcianus
857 1133 1016 1184 docet
1039 1148 1094 1197 p.
1114 1135 1198 1181 31.
1216 1132 1305 1196 qui
1328 1145 1419 1180 eos
1438 1129 1647 1194 redegit
1670 1129 1720 1179 in
1740 1130 2034 1193 Epitomen.
2088 1130 2214 1194 Ipse
2237 1131 2504 1194 scripsisse

292 1214 490 1264 dicitur
519 1215 748 1276 ἐπιτομὴν
781 1216 880 1262 τῶν
913 1211 1364 1276 γεωγραφουμένων,
1388 1225 1419 1260 a
1441 1211 1735 1261 Scholiaste
1767 1209 2030 1275 Apollonii
2069 1210 2134 1259 ad
2175 1210 2370 1274 Argon.
2411 1224 2506 1260 nr.

291 1298 411 1345 858.
444 1293 832 1346 Artemidorum
857 1295 1134 1359 Ephesium
1153 1293 1242 1345 lib.
1264 1307 1389 1344 vm.
1425 1291 1855 1356 Γεωγραφουμένων
1871 1291 2049 1342 laudat
2066 1291 2220 1345 Diod.
2237 1291 2342 1341 Sic.
2362 1290 2504 1340 Bibl.

291 1375 391 1425 lib.
412 1387 502 1424 ιιι.
524 1390 580 1440 p.
603 1380 721 1427 149.

357 1454 594 1506 Artemon
615 1455 880 1517 Medicus,
901 1456 955 1505 in
978 1453 1161 1506 Iudice
1182 1455 1273 1505 lib.
1296 1468 1508 1506 xxvm.
1529 1460 1586 1505 et
1607 1469 1723 1518 cap.
1746 1459 1796 1504 2.
1820 1453 2054 1517 ejusdem
2075 1452 2216 1502 libri.

356 1535 620 1592 Aser-abas,
658 1535 749 1600 qui
782 1533 924 1585 forte
954 1533 1220 1599 Aean-ubas,
1255 1537 1339 1585 vel
1376 1533 1617 1585 Asdrubal
1653 1533 1938 1596 vocandus,
1973 1532 2215 1583 laudatur
2241 1547 2274 1581 a
2308 1530 2501 1590 Plinio,

293 1620 408 1665 tum
433 1616 490 1666 in
513 1616 699 1665 Indice
722 1615 814 1665 lib.
837 1627 1062 1667 xxxvn.
1082 1622 1193 1665 tum
1226 1630 1346 1678 cap.
1385 1617 1464 1664 11.
1499 1614 1735 1679 ejusdem
1759 1614 1893 1665 libri.
1959 1613 2137 1664 Plinio
2158 1614 2259 1677 ipsi
2282 1627 2504 1677 coaevus,

295 1702 357 1746 nt
377 1697 494 1760 ipse
517 1703 761 1761 testatur,
781 1696 899 1746 loco
917 1695 1151 1760 proxime
1172 1703 1374 1746 notato.

356 1776 665 1841 Asclepiades
685 1776 919 1832 Medicus,
935 1791 1088 1841 quem
1106 1777 1337 1826 nonnulli
1360 1790 1537 1826 crasso
1553 1774 1734 1827 errore
1747 1789 1863 1825 cnm
1888 1773 2204 1838 Asclepiade
2222 1773 2500 1838 Myrleano

296 1857 641 1920 confundunt,
662 1857 748 1921 qui
770 1857 1044 1907 Ptolemaei
1070 1857 1342 1921 Evergetis
1368 1864 1529 1907 astate
1565 1856 1718 1907 vixit.
1782 1856 1889 1906 Hic
1911 1871 2064 1921 quem
2097 1855 2299 1905 Plinius
2324 1854 2502 1904 laudat

294 1951 400 1988 vu.
421 1941 506 1989 14.
527 1943 611 1988 2ο.
630 1942 713 1988 22.
734 1942 816 1988 23.
839 1942 922 1987 24.
936 1941 1019 1988 26.
1039 1944 1095 1987 et
1116 1942 1198 1988 29.
1262 1938 1528 1987 Prusiaeus
1560 1952 1627 1987 ex
1658 1936 1907 2002 Bithynia
1948 1936 2065 2000 fuit,
2099 1935 2501 2007 ‚Philopbysicus

294 2018 702 2081 cognominatus,
723 2017 966 2083 Pompeii
989 2017 1067 2066 M.
1106 2017 1444 2082 temporibus,
1481 2024 1622 2069 teste
1659 2017 1916 2067 Strabone
1951 2016 2040 2066 lib.
2075 2028 2178 2066 111.
2211 2030 2262 2078 p.
2295 2018 2408 2063 566.
2444 2020 2502 2062 et

291 2097 472 2147 Plinio
493 2098 608 2162 ipso
631 2111 766 2148 xxv.
793 2101 843 2147 ³.
909 2097 1031 2147 Fuit
1053 2097 1096 2146 is
1117 2098 1336 2161 primum
1369 2099 1584 2159 Rbetor,
1607 2097 1704 2148 sed
1722 2113 1753 2146 a
1781 2097 2068 2147 Rhetorica
2091 2103 2275 2160 postea
2295 2094 2358 2144 ad
2382 2094 2500 2142 Me-

292 2176 518 2227 dicinam
543 2178 770 2240 transiit,
788 2184 925 2228 teste
948 2177 1119 2226 Plinio
1140 2190 1302 2227 xxvr.
1319 2182 1367 2228 7.
1391 2179 1480 2227 ubi
1504 2178 1656 2241 plura
1677 2176 1744 2226 de
1768 2191 1848 2226 eo.
1915 2175 2058 2225 Hinc
2080 2176 2097 2204 ‘
2114 2178 2364 2240 eloquens
2380 2174 2500 2224 Me·

292 2257 465 2308 dicus'
486 2259 681 2308 dicitur
702 2257 940 2308 Ciceroni
960 2257 1024 2307 de
1045 2258 1199 2309 Orat.
1223 2258 1312 2309 lib.
1333 2272 1374 2310 1.
1396 2273 1449 2324 p.
1471 2262 1585 2309 288.
1608 2258 1698 2324 qui
1720 2271 1778 2307 se
1796 2271 1858 2307 eo
1878 2256 2078 2305 medico
2093 2262 2148 2305 et
2162 2256 2329 2305 amico
2353 2267 2499 2307 usum

292 2352 412 2388 esse
437 2339 704 2402 gloriatur.
776 2338 989 2388 Librum
1014 2338 1226 2403 scripsit
1247 2338 1312 2387 de
1336 2339 1533 2389 tuenda
1552 2339 1802 2394 sanitate,
1822 2337 1971 2401 cujus
1996 2337 2181 2387 Celsus
2204 2332 2500 2385 meminit]-

290 2423 344 2471 8.
368 2436 420 2483 p.
441 2425 491 2470 4.
522 2421 538 2447 ‘
560 2421 839 2469 Multarum
864 2417 1074 2479 rerum,’
1095 2418 1264 2483 inquit
1287 2419 1632 2470 idemcelsus
1669 2432 1746 2468 ιν.
1775 2422 1827 2468 4.
1871 2425 1887 2447 ⁸
1907 2432 2032 2483 quas
2056 2418 2156 2480 ipsi
2191 2430 2395 2481 quoque
2418 2429 2497 2464 se-

289 2500 401 2551 cuti
422 2515 616 2564 smnus,
637 2507 820 2550 auctor
841 2498 1042 2550 bonus.'
1105 2500 1188 2550 De
1211 2498 1385 2550 dando
1406 2500 1527 2550 vino
1550 2501 1810 2557 volumen,
1811 2498 1980 2563 quod
2001 2513 2031 2546 a
2054 2497 2236 2546 Plinio
2252 2495 2498 2545 laudatur

291 2593 466 2630 xxru.
491 2585 572 2629 19.
640 2579 887 2644 Ejusdem
911 2580 1071 2630 libros
1103 2579 1168 2630 de
1191 2579 1428 2644 hydrope
1463 2581 1644 2631 laudat
1677 2580 1867 2629 Caelius
1894 2578 2074 2629 Aurel.
2098 2591 2185 2627 nr.
2209 2582 2259 2628 8.
2284 2583 2337 2626 et
2372 2576 2500 2626 alios

294 2661 423 2710 alibi
444 2660 653 2725 passim.
718 2660 893 2723 Hujus
927 2660 1152 2725 denique
1176 2661 1242 2710 ad
1264 2661 1632 2712 Mithridatem
1663 2661 1862 2725 scripta
1897 2659 2157 2710 volumina
2179 2658 2246 2708 de
2280 2657 2497 2707 medicis

291 2740 473 2805 rebus,
496 2750 678 2792 auctor
700 2748 782 2790 est
799 2740 1003 2791 Plinius
1028 2755 1166 2791 xxv.
1188 2745 1238 2793 3.

360 2823 662 2886 Asclepiades
681 2822 770 2887 qui
791 2820 1160 2885 Τραγῳδούμενα
1196 2824 1422 2888 scripsit.
1482 2806 1646 2875 Ἠιιιιο
1678 2823 2030 2886 Tragilensem
2062 2819 2245 2882 fuisse,
2286 2833 2353 2868 ex
2374 2818 2498 2867 Τιτι-

290 2902 403 2966 gilo
437 2893 671 2954 Thracias
712 2902 927 2966 oppido,
965 2917 1129 2966 prope
1169 2903 1565 2968 Cherronesum,
1607 2910 1665 2954 et
1700 2903 2087 2957 Macedoniam,
2127 2916 2188 2950 ac
2224 2900 2365 2949 libris
2402 2914 2495 2948 sex

288 2983 563 3047 scripsisse
584 2982 648 3032 τὰ
667 2981 1047 3047 τραγῳδούμενα,
1068 2999 1124 3032 ea
1146 2999 1251 3047 quoe
1271 2985 1324 3032 iu
1342 2985 1591 3046 tragoediis
1612 2985 1940 3038 decantantur,
1964 2988 2148 3030 auctor
2172 2988 2250 3029 est
2272 2979 2495 3041 Stepha-

295 3078 416 3120 nus,
438 3064 596 3113 verbo
616 3063 863 3127 Τράγιλος.
931 3064 1223 3114 Meminere
1242 3070 1499 3128 praeterea
1523 3061 1850 3126 Asclepiadae
1885 3063 1938 3111 ἐν
1966 3062 2068 3110 τοῖς
2099 3057 2498 3122 τραγῳδουμένοις

294 3142 582 3213 Athenaeus
598 3144 687 3194 lib.
712 3157 767 3193 x.
786 3161 836 3208 p.
852 3148 967 3194 456.
1036 3144 1420 3208 Harpocration
1446 3142 1498 3191 in
1521 3140 1793 3206 Δυσαύλης,
1813 3156 1868 3205 p.
1894 3145 1977 3191 90.
2013 3138 2303 3204 Hesychius
2323 3140 2377 3187 in
2395 3136 2497 3196 Ῥή-

296 3240 502 3288 σαρχος,
528 3239 579 3286 p.
598 3228 710 3273 814.
737 3232 791 3273 ct
811 3224 987 3275 Schol.
1008 3222 1273 3289 Apollonii
1293 3224 1356 3273 ad
1385 3238 1445 3274 ιι.
1468 3227 1584 3273 328.

363 3305 738 3366 Asclepiodorus.
803 3304 901 3352 Est
932 3305 987 3353 in
1026 3303 1208 3353 Indice
1247 3304 1336 3354 lib.
1376 3317 1552 3354 xxxv.
1585 3302 1673 3367 qui
1714 3307 1858 3351 totus
1879 3307 1961 3350 est
1990 3298 2056 3349 de
2081 3300 2299 3362 picturae
2323 3297 2500 3347 laude.

291 3383 457 3433 Hunc
475 3384 636 3446 igitur
659 3384 889 3446 suspicor
910 3381 1068 3432 fuisse
1103 3386 1354 3445 pictorem
1387 3382 1530 3431 illum
1555 3382 1606 3431 in
1629 3381 1926 3446 symmetria
1948 3379 2322 3441 admirabilem,
2345 3391 2495 3441 quem

293 3464 498 3512 Plinius
522 3463 701 3512 laudat
721 3477 836 3526 cap.
857 3466 940 3512 86.
975 3462 1094 3512 libri
1115 3463 1273 3513 illius.
1339 3465 1419 3515 De
1436 3479 1532 3514 sua
1555 3470 1665 3514 arte
1686 3463 1954 3526 scripserit
1975 3461 2016 3510 is
2030 3460 2266 3510 fortassis
2283 3457 2498 3524 aliquid,

288 3542 431 3607 quod
456 3551 510 3592 ct
534 3543 620 3591 alii
643 3540 819 3592 feccru
832 3549 909 3592 nt.

362 3622 885 3693 AsconiusPediunus,
909 3637 941 3672 a
964 3622 1131 3673 Pedia
1154 3630 1329 3687 gente,
1364 3623 1419 3672 in
1457 3637 1609 3688 qnam
1648 3624 1736 3689 qui
1772 3622 1965 3686 primus
2000 3628 2080 3671 est
2104 3619 2399 3682 adoptatus,
2422 3617 2499 3666 ita

292 3710 512 3752 vocatus
531 3712 631 3752 est·
667 3703 731 3752 Iu
756 3710 859 3752 vet.
880 3703 1119 3766 inscript.
1140 3703 1277 3766 apud
1303 3703 1521 3754 Gruter.
1540 3718 1591 3765 p.
1615 3707 1729 3752 987.
1766 3714 2080 3751 ΡιιιιιΑΝνει
2117 3701 2218 3748 etsi
2237 3697 2422 3747 Suidas
2440 3703 2498 3746 et

295 3785 386 3837 alii
415 3783 588 3833 Graeci
623 3783 898 3848 aliquando
937 3782 1184 3833 Παιδιανὺς
1221 3783 1467 3832 scribant.
1536 3783 1658 3832 Fuit
1694 3784 1739 3831 is
1771 3782 1992 3844 Virgilio
2030 3778 2320 3840 familiaris,
2342 3792 2374 3826 a
2396 3790 2498 3841 quo

295 3864 535 3914 andierat
561 3850 617 3912 se
649 3863 822 3912 fixisse
855 3877 1064 3912 crucem
1102 3854 1466 3914 Grammaticis
1505 3862 1595 3912 illo
1631 3862 1920 3911 versiculo:
1979 3861 2131 3908 ‘Tres
2176 3865 2357 3920 pateat
2378 3857 2497 3907 coeli

294 3944 524 4008 spatium
540 3958 642 3992 non
666 3944 883 4008 amplius
907 3941 1091 3992 ulnas.'
1158 3942 1328 4006 Hujus
1363 3947 1551 3992 extant
1575 3941 1946 3993 Comme-terii
1966 3939 2019 3989 in
2043 3938 2321 3987 Orationes
2348 3937 2497 3986 Cice·

295 4024 457 4075 tonis.
521 4023 698 4073 Serius
716 4037 870 4087 quam
893 4022 1123 4085 oportuit
1141 4022 1251 4086 ejus
1275 4021 1472 4071 obitum
1495 4021 1643 4084 pouit
1662 4020 1965 4084 Hieronym.
1986 4020 2041 4069 in
2059 4018 2251 4068 Chr-on.
2283 4016 2404 4066 dum
2429 4015 2496 4065 ad

295 4119 382 4153 an.
407 4099 725 4167 Vespasiani
749 4115 852 4151 vn.
877 4102 951 4150 sic
975 4102 1236 4165 loquitur:
1273 4100 1371 4152 Ὠ.
1393 4099 1651 4150 Asconius
1672 4099 1939 4149 Pedianus
1963 4099 2189 4161 scriptor
2222 4096 2498 4147 historicus

295 4185 466 4235 clarus
494 4183 1071 4248 habet11r3quirxx111.
1106 4180 1277 4231 aetatis
1317 4196 1424 4230 suae
1464 4194 1600 4230 anno
1639 4189 1831 4244 captus
1849 4179 2142 4240 luminibus,
2177 4191 2284 4227 111.
2317 4183 2497 4241 postea

297 4265 450 4316 annis
476 4266 525 4314 in
551 4278 749 4325 summo
788 4263 1015 4312 omnium
1042 4263 1233 4312 honore
1257 4260 1621 4313 consenescit!
1688 4261 1896 4312 obierit
1921 4261 2076 4323 igitur
2099 4260 2140 4308 is
2164 4268 2298 4309 anno
2321 4255 2498 4307 Domi·
