3000 4917
1200 403 1648 455 AUc‘roRUM.
2346 396 2520 461 4907

379 536 662 607 Antige'aes.
731 544 802 594 Et
824 543 908 594 hic
932 557 964 593 a
985 507 1269 598 Plutarcho
1287 546 1405 597 loeo
1429 547 1666 609 proxime
1681 546 1846 599 citato
1863 549 2000 601 inter
2021 549 2304 616 scriptores
2324 553 2514 604 Rerum

315 622 603 673 Alexandri
627 625 707 674 M.
731 624 1043 675 nominatur.

378 703 656 767 Antigonus
682 705 921 769 Cymoeus.
989 705 1175 755 Patria
1210 707 1261 756 ei
1300 706 1461 771 Cyme
1492 706 1707 757 AEolidis
1745 707 1882 760 fuit·
1919 710 2058 762 uude
2095 725 2397 776 cognomen.
2462 712 2512 763 Α

313 783 552 834 Varrone
576 792 631 835 et
659 786 945 835 Columella
966 785 1032 836 de
1053 785 1135 835 Re
1155 787 1303 837 Rust.
1330 788 1368 838 ι’.
1394 792 1440 838 1.
1472 787 1616 845 inter,
1651 790 1933 853 scriptores
1961 791 2059 843 Rei
2084 790 2319 844 Rustica
2353 805 2514 843 annu-

311 873 566 915 meratus.
636 867 734 915 Est
756 872 811 917 et
832 866 966 918 alter
987 867 1218 931 ejusdem
1242 868 1464 918 nominis

376 944 671 1008 Antigonus,
690 961 842 1011 quem
865 947 932 997 de
954 948 1232 1003 toreutice,
1254 949 1352 997 hoc
1374 954 1476 1010 est,
1496 946 1563 998 de
1595 948 1861 998 caelatoria
1882 957 2016 1008 arte,
2040 951 2305 1016 scripsisse
2329 957 2513 1004 auctor

317 1032 403 1075 est
421 1025 623 1076 Plinius
646 1027 699 1076 in
719 1027 908 1077 Indice
929 1027 964 1078 l.
984 1039 1198 1077 xxxnr.
1251 1028 1524 1093 Carystius
1546 1028 1634 1078 ille
1658 1035 1761 1094 est,
1783 1030 1931 1094 cujus
1954 1035 2138 1082 extant
2158 1032 2512 1084 Historiarum

314 1104 637 1157 Mirabiliurn
675 1107 1022 1159 collectanea.
1088 1107 1246 1158 Hunc
1281 1108 1389 1172 περὶ
1418 1107 1644 1172 πινάκων,
1674 1109 1774 1160 hoc
1807 1118 1909 1168 est,
1930 1112 1989 1161 de
2011 1111 2206 1161 Tabulis
2228 1113 2508 1177 pictorum,

311 1188 589 1251 scripsisse
619 1187 856 1239 Laiirtius
877 1189 930 1239 in
954 1189 1267 1254 Chrysippo,
1299 1204 1352 1253 p.
1370 1194 1487 1240 909.
1521 1191 1590 1241 de
1613 1190 1829 1242 Pictura
1851 1191 2052 1241 Plinius
2072 1192 2207 1242 idern
2230 1206 2406 1243 xxxv.
2426 1198 2509 1246 86.

306 1266 516 1318 deute
539 1281 650 1329 sua,
683 1270 780 1318 hoc
804 1275 907 1331 est,
927 1269 992 1319 de
1013 1270 1296 1329 statuaria,
1318 1270 1456 1320 idem
1479 1283 1683 1322 xxxiv.
1705 1276 1786 1321 19.
1807 1273 1885 1339 'de
1911 1271 2152 1322 Historia
2171 1272 2362 1323 Italica
2382 1275 2508 1324 Fes-

300 1350 411 1407 tus,
436 1347 597 1397 verbo
626 1347 643 1376 ‘
664 1348 882 1399 Romam
898 1348 936 1398 ι’
969 1348 1035 1399 de
1060 1350 1176 1400 aliis
1194 1350 1424 1416 denique
1448 1352 1538 1402 alii
1559 1350 1800 1403 fortassis
1824 1351 2172 1403 tradiderunt.

367 1430 644 1494 Antipater.
712 1431 904 1481 Lucius
931 1432 1125 1483 Caelius
1147 1430 1431 1497 Antipater
1452 1433 1626 1483 dictus
1650 1443 1762 1484 estz
1794 1440 1968 1484 certus
1989 1434 2232 1485 Romanae
2251 1434 2505 1486 Historia

302 1517 512 1573 auctor,
543 1510 708 1576 inquit
731 1511 907 1560 Valer.
930 1512 1074 1562 Max.
1097 1526 1138 1562 1.
1156 1517 1206 1563 7.
1246 1528 1298 1577 p.
1321 1517 1403 1564 54.
1469 1514 1615 1564 Lucii
1639 1514 1812 1564 Crassi
1833 1513 2101 1579 magister.
2129 1514 2295 1579 inquit
2318 1516 2505 1566 Cicero

301 1591 357 1639 in
381 1591 570 1654 Bruto,
592 1606 645 1655 p.
668 1594 784 1641 545.
817 1592 1030 1655 scripsit
1051 1593 1313 1642 historiam
1352 1593 1416 1644 ad
1440 1594 1501 1643 1..
1527 1593 1716 1643 AElium
1738 1593 2012 1656 Stilonem,
2049 1595 2298 1645 Varronis
2317 1595 2505 1658 magis·

302 1678 464 1733 trum,
484 1686 642 1736 quarn
660 1672 791 1722 tanti
810 1671 998 1723 fecisse
1021 1674 1098 1722 M.
1117 1673 1316 1722 Brutus
1334 1672 1546 1737 dicitur,
1564 1678 1623 1723 nt
1645 1686 1708 1723 ex
1729 1687 1794 1723 ea
1815 1673 2093 1738 Epitomen
2115 1672 2319 1763 fecerit.
2361 1673 2503 1726 Auc-

302 1756 389 1801 tor
407 1750 596 1801 Cicero
619 1752 795 1818 Epist.
821 1751 888 1802 ad
912 1751 1076 1801 Attic.
1093 1766 1226 1803 xm.
1249 1757 1298 1801 8.
1316 1762 1367 1817 p.
1387 1757 1499 1803 ³99.

365 1836 750 1909 mulam}
771 1833 824 1882 ἐν
840 1850 910 1894 τῳ
892 1831 1038 1895 περὶ
1059 1830 1193 1896 ζώων
1214 1832 1460 1884 laudatur
1483 1848 1514 1882 a
1537 1833 1711 1884 Schol.
1728 1832 1992 1898 Apollonii
2022 1833 2088 1883 ad
2123 1833 2213 1884 lib.
2236 1846 2298 1884 ιι.
2320 1848 2396 1884 vs.
2421 1838 2487 1884 89

301 1905 391 1976 qui
416 1912 484 1962 ab
507 1912 596 1963 illo
622 1913 860 1964 diversus
884 1919 998 1974 est;
1032 1922 1110 1964 est
1131 1914 1270 1964 enim
1298 1913 1384 1964 ille
1405 1914 1685 1978 Antipater,
1719 1927 1870 1978 quem
1909 1914 2048 1964 inter
2069 1921 2313 1964 externos
2336 1915 2504 1978 scrip-

296 1998 443 2044 tores
477 1993 658 2044 laudat
680 1993 879 2044 Plinius
905 1991 975 2042 in
984 1993 1169 2045 Indice
1195 1994 1287 2043 lib.
1310 2007 1430 2044 vnn
1463 1994 1555 2058 qui
1589 1999 1731 2044 totns
1764 2000 1847 2044 est
1884 1993 1951 2044 de
1988 1994 2281 2044 animalium
2320 1994 2505 2045 Histo-

298 2073 412 2122 ria·
449 2072 699 2137 Panaetii,
740 2073 807 2123 de
836 2088 940 2139 qno
978 2086 1120 2137 saepe
1154 2074 1375 2137 Tullius,
1412 2073 1694 2138 magister.
1743 2073 1955 2169 Tiberio
1988 2073 2236 2124 Graccho
2268 2074 2502 2140 aequalis,

295 2152 483 2204 Patria
505 2153 757 2207 Rhodius.
1693 2168 1700 2173 ·
1759 2176 1764 2179 -

361 2234 626 2292 Antistius,
669 2234 848 2295 Labeo
884 2233 1300 2299 cognominatus.
1363 2232 1584 2299 Scripsit
1625 2231 2012 2285 commentaria
2034 2232 2175 2298 juris
2211 2232 2497 2290 Pontificii‚

297 2328 412 2378 quse
436 2316 623 2365 Festus
647 2313 795 2366 citat.
863 2314 1255 2366 Proconsnlem
1267 2314 1629 2365 Narbonensis
1668 2314 1963 2365 Provincia!
1983 2313 2164 2371 fuisse,
2201 2319 2385 2364 auctor
2413 2318 2497 2362 est
2539 2376 2550 2389 ο

282 2395 501 2445 ‚Plinius
527 2409 705 2446 xxxv.
744 2401 793 2446 7.
858 2395 1110 2447 Oblatum
1151 2396 1216 2446 ab
1260 2394 1499 2461 Angusto
1542 2395 1885 2447 Consulatum
1916 2401 2218 2458 aspernatus
2256 2399 2357 2456 est,
2391 2407 2495 2456 quo

289 2475 481 2525 studiis
513 2477 790 2542 plurimum
810 2490 1020 2541 operam
1042 2477 1214 2534 daret,
1250 2482 1312 2525 ut
1342 2475 1524 2526 scribit
1561 2475 1818 2538 Pompon.
1842 2475 2053 2537 Digest.
2089 2488 2128 2524 ι.
2164 2475 2247 2523 tit.
2264 2478 2313 2523 2.
2343 2472 2491 2536 Orig.

289 2556 457 2615 luris,
478 2558 604 2620 §a
636 2556 723 2606 nbi
746 2571 865 2606 eum
888 2556 1268 2621 quadringenta
1294 2555 1558 2607 volumina
1591 2554 1709 2620 (alii
1740 2554 2059 2618 quadrag-into
2077 2554 2259 2616 legunt
2278 2566 2345 2601 ex
2367 2551 2495 2602 Gel-

291 2636 367 2684 lio
410 2644 557 2686 ann·
581 2641 663 2687 1⁰.
705 2646 756 2700 p'.
789 2635 932 2700 671.)
967 2636 1236 2700 reliquisse
1270 2640 1520 2686 testatur.
1586 2635 1768 2685 Libros
1807 2634 1921 2699 ejus
1960 2647 2054 2683 xv.
2089 2633 2155 2684 de
2193 2631 2493 2695 Disciplinis

295 2715 552 2780 Etruscis,
590 2717 842 2780 aliosque,
868 2716 998 2767 citat
1037 2715 1341 2780 Fulgentius
1366 2715 1444 2765 -de
1469 2715 1655 2765 Prisco
1674 2714 1943 2778 Sermone,
1972 2728 2024 2764 n.
2042 2718 2095 2764 4.
2162 2712 2335 2777 HuJus
2356 2712 2492 2762 arbi·

293 2796 404 2846 trio
425 2795 702 2857 legendum
726 2798 983 2848 Senatum
1002 2793 1269 2860 Augustus
1290 2796 1622 2860 permiserat,
1637 2794 1927 2859 inquitDio
1948 2793 2037 2845 lib.
2062 2805 2173 2844 mv.
2198 2808 2251 2857 p.
2266 2796 2383 2842 531.

359 2876 687 2926 Antisthenes.
754 2876 874 2926 Non
901 2875 990 2926 ille
1013 2874 1221 2941 quidem
1250 2875 1465 2925 Lae'rtio
1483 2882 1656 2931 notus,
1691 2870 1871 2925 aliisve
1902 2874 2277 2939 scriptoribus:
2311 2873 2401 2921 sed
2425 2873 2490 2923 ab

291 2955 362 3005 iis
383 2945 638 3020 omnibus,
660 2955 748 3021 qni
770 2956 952 3007 eodem
978 2960 1261 3006 censentur
1282 2955 1511 3014 nomine,
1532 2956 1685 3017 plane
1703 2954 1966 3004 diversus:
2002 2967 2155 3019 quem
2180 2953 2248 3002 de
2270 2952 2492 3016 pyrami·

289 3033 447 3084 dibus
477 3035 688 3100 AEgypti
710 3035 980 3100 scripsisse
1007 3035 1208 3085 Plinius
1230 3041 1312 3084 est
1334 3040 1520 3084 auctor
1541 3046 1747 3083 xxxvi.
1769 3038 1850 3086 17.
1885 3034 1954 3083 de
1983 3034 2126 3099 quus
2160 3041 2318 3083 aetate
2349 3033 2490 3083 dice·-

290 3127 408 3164 mns
431 3115 482 3164 in
507 3113 779 3165 Butorida.

356 3195 604 3244 Antonias
624 3195 817 3257 Castor,
835 3193 914 3243 vir
929 3193 1166 3251 Graecm.
1172 3192 1278 3245 sed
1301 3194 1438 3259 quod
1461 3196 1720 3244 Romanos
1740 3192 2001 3257 diligeret,
2015 3193 2228 3246 civitate
2250 3160 2491 3256 donatus,

289 3281 352 3326 et
383 3275 759 3326 Philoromaeus
781 3276 1094 3338 appellatus.
1164 3275 1412 3325 Deiotari
1439 3276 1742 3326 Galatarum
1766 3273 1947 3338 Regis,
1967 3289 2061 3338 pro
2080 3289 2182 3340 quo
2202 3274 2488 3325 orationem

288 3355 475 3406 habuit
492 3355 558 3405 ad
585 3357 846 3407 Caesarem
869 3356 1089 3418 Tullius,
1109 3354 1270 3405 filiam
1296 3354 1462 3406 duxit.
1528 3355 1748 3419 Scripsit
1764 3354 1831 3404 de
1862 3355 2005 3418 Nilo,
2022 3357 2081 3405 de
2106 3355 2378 3417 Temporum
2399 3353 2485 3416 Ig-

286 3439 560 3501 norotione,
585 3435 648 3486 τὰ
668 3434 876 3500 Χρονικὰ
894 3435 1214 3499 ’Ampor-a,
1243 3437 1413 3490 utica
1436 3433 1758 3498 Apollodoro
1777 3434 2019 3494 discimus
2047 3435 2139 3485 lib.
2158 3448 2219 3486 ιι.
2252 3434 2319 3486 de
2351 3436 2485 3498 Diis,

288 3522 441 3581 1535.
465 3558 477 3570 .
513 3517 749 3568 Romana
770 3517 926 3568 etiam
950 3517 1209 3568 Instituta
1231 3531 1348 3568 cum
1371 3516 1738 3580 Pythagoricis
1768 3516 2009 3574 contulit,
2028 3522 2168 3567 teste
2200 3516 2486 3566 Plutarcho

280 3600 341 3647 in
364 3599 579 3651 onesta
592 3598 740 3649 Rom.
760 3611 816 3661 p.
838 3601 955 3649 266.
1022 3598 1096 3648 Et
1118 3596 1186 3648 de
1208 3598 1414 3649 Plantis
1436 3597 1661 3653 edidisse
1688 3596 1946 3648 volumina
1974 3597 2190 3662 aliquot,
2211 3611 2278 3646 ex
2309 3595 2484 3647 Plinio

280 3678 400 3741 ipso
423 3678 744 3742 conjicimus,
771 3682 969 3727 :tx-66.
1202 3710 1209 3715 ·

347 3759 556 3821 Apelles,
593 3771 743 3821 quern
766 3757 945 3807 laudat
966 3756 1168 3808 Plinius
1206 3757 1261 3807 in
1297 3756 1484 3808 Indice
1521 3757 1610 3808 lib.
1636 3770 1796 3808 xxxx.
1829 3762 1885 3808 et
1912 3768 2098 3808 xxxu.
2166 3754 2405 3807 Medicus
2434 3754 2481 3821 is

283 3844 386 3894 est,
411 3837 629 3887 Thasius
650 3851 682 3887 a
703 3837 877 3902 patria
891 3836 1309 3900 cognominatus,
1341 3837 1490 3900 cujus
1520 3838 1754 3887 meminit
1781 3844 1839 3887 et
1868 3837 2100 3887 Galenus
2123 3836 2187 3885 de
2210 3833 2481 3887 Antidotis

276 3932 345 3968 ιι.
372 3922 420 3968 8.
452 3931 571 3981 pag.
590 3921 704 3967 910.
732 3923 786 3966 et
811 3914 936 3967 κατὰ
957 3914 1094 3978 γένη,
1124 3930 1180 3967 v.
1204 3919 1283 3966 14.
1308 3931 1427 3980 pag.
1448 3920 1563 3967 799.
1616 3917 1772 3967 Hunc
1796 3916 2061 3967 Gesnerus
2080 3917 2132 3966 in
2153 3916 2481 3968 Bibliotheca

281 4012 404 4047 cnm
431 3995 620 4060 Apelle
647 3995 847 4059 pictore
869 3996 1005 4046 male
1029 3993 1323 4051 confundit,
1345 3995 1549 4060 quando
1574 3996 1709 4047 hunc
1725 3997 1968 4047 Thasium
1985 3994 2141 4047 facite
2167 4011 2316 4061 quem
2337 4011 2482 4048 erro-

278 4095 388 4129 rem
409 4087 620 4130 secutus
638 4085 721 4128 est
742 4085 795 4128 et
823 4078 1092 4128 Reinesius
1116 4077 1243 4126 Var.
1270 4075 1417 4128 Lect.
1438 4090 1505 4127 ιι.
1522 4080 1571 4126 6.

344 4160 537 4223 Apelles
560 4161 693 4208 alter
716 4159 851 4208 Cous
874 4171 906 4206 a
928 4158 1099 4220 patria
1120 4157 1312 4214 dictus,
1332 4157 1500 4221 pictor
1522 4154 1659 4207 fama
1676 4156 1909 4222 insignis,
1925 4158 2069 4222 cnjus
2086 4158 2228 4222 Vita,
2248 4158 2477 4224 Scripta,

276 4242 515 4297 Picturae
537 4254 567 4289 a
593 4239 764 4293 Plinio
789 4250 961 4294 xxxv.
986 4241 1066 4288 36.
1101 4238 1299 4303 prolixe
1322 4244 1618 4290 narrantur.
