3000 4917
548 407 718 478 4964

495 566 499 569 ⁴
534 583 546 589 ·
615 567 696 615 Ne
719 566 873 614 Deum
894 562 1078 625 quidem
1097 574 1230 623 posse
1246 556 1426 618 omnia]
1462 554 1603 617 Aga-

550 643 639 691 tho
664 640 961 688 dilaudante
986 636 1145 683 Arist.
1168 634 1287 682 Eth.
1311 634 1511 681 Nicom.
1530 643 1606 677 vr.

536 722 597 766 ·2.
628 715 771 777 μόνον
789 713 883 775 ’γὰρ
905 713 1048 760 αὐτοῦ
1067 710 1143 758 καὶ
1166 709 1267 758 θεὸς
1288 707 1606 770 στερίσκεται,

547 792 807 852 Ἀγέννητα
829 791 976 838 ποιεῖν
995 788 1099 836 ὅσσ’
1135 787 1195 835 ἃν
1214 784 1253 851 ᾖ
1284 782 1605 848 πεπραγμένα.

550 870 619 917 Et
642 868 906 916 Plutarch.
933 864 1195 930 Consolat.
1220 863 1282 909 ad
1310 861 1465 923 Apol.
1484 860 1605 907 mihi

547 955 665 1006 pag.
690 947 799 992 199.
817 942 910 990 snb
928 940 1014 988 fin.
1035 939 1094 986 τὸ
1107 938 1298 1000 μὲνγὰρ
1320 934 1605 998 γεγεννημέ-

546 1033 627 1065 νον
644 1018 746 1065 οὐδὲ
770 1017 873 1065 θεὸν
892 1014 1090 1065 δυνατόν
1109 1018 1214 1064 ἐστι
1234 1016 1385 1062 ποιεῖν
1406 1011 1605 1073 ἀγέννη-

545 1111 646 1141 τον.
714 1095 783 1141 Et
807 1107 872 1141 ne
893 1092 1102 1139 nimium
1122 1090 1259 1151 longi
1285 1090 1457 1145 simus,
1474 1090 1606 1136 The·

547 1169 693 1232 ognis
725 1181 794 1217 vs.
833 1171 946 1216 583.
991 1173 1045 1214 et
1101 1165 1322 1227 Sophoc.
1370 1163 1608 1211 Trachin.

547 1250 602 1291 et
637 1243 795 1292 Pind.
830 1244 1045 1305 Olymp.
1080 1242 1182 1290 od.
1207 1255 1268 1289 ιι.
1304 1247 1360 1289 et
1392 1241 1516 1288 Sen.
1541 1239 1606 1287 de

546 1320 746 1367 Brevit.
772 1319 913 1367 Vitae
953 1317 1072 1365 mihi
1114 1320 1295 1380 p.133.
1330 1323 1383 1364 et
1422 1316 1606 1364 Horat.

549 1410 636 1445 ιιι.
666 1397 769 1444 Od.
792 1400 873 1444 29.
909 1403 962 1444 et
987 1396 1040 1443 S.
1067 1393 1199 1457 Aug.
1222 1395 1286 1441 de
1325 1392 1480 1442 civit.
1503 1393 1606 1440 Dei

551 1486 608 1521 v.
631 1477 710 1520 10.
735 1475 831 1520 &c.
868 1471 1039 1519 Dulec.
1455 1513 1470 1525 ,

611 1548 712 1595 Aut
733 1561 950 1595 revocare
972 1544 1235 1606 destructos]
1289 1542 1436 1591 Hier.
1463 1542 1608 1606 Mag.

548 1621 612 1670 de
638 1624 821 1670 Exust.
845 1620 1031 1670 Mund.
1063 1634 1114 1668 v.
1140 1624 1185 1667 1.
1220 1619 1372 1667 Idem.

619 1698 684 1746 Ue
694 1697 873 1756 facetis
894 1711 1089 1758 quoque,
1113 1696 1220 1759 ξω]
1269 1695 1356 1742 Ita
1380 1695 1490 1742 scil.
1520 1694 1605 1756 ju-

546 1771 691 1819 dicat
714 1772 780 1818 de
805 1772 880 1819 his
904 1770 1233 1819 divinissimis
1261 1769 1486 1817 scientiis
1511 1770 1606 1817 lioc

545 1848 802 1895 hominum
839 1861 1018 1910 genus.
1087 1846 1299 1895 Quanto
1335 1860 1456 1892 vero
1497 1859 1606 1893 rec-

547 1924 651 1971 tius
677 1923 883 1972 doctiss.
910 1924 1105 1970 Muret.
1126 1921 1251 1972 Var.
1280 1922 1431 1969 Lect.
1458 1935 1535 1970 vx.
1561 1925 1605 1972 1.

551 1999 701 2049 Idem.
1281 2037 1288 2042 .

646 2073 781 2121 CAP.
818 2087 942 2121 vm.
1011 2073 1090 2122 De
1112 2078 1285 2121 natura
1307 2074 1510 2122 siderum

707 2143 985 2205 errantium,
1004 2153 1052 2197 et
1072 2164 1227 2197 eorum
1249 2149 1445 2198 ambitu.

612 2226 831 2287 Singulis
864 2225 1099 2273 attributa
1136 2225 1293 2288 nobis]
1353 2222 1607 2272 Confutat

546 2302 628 2349 hic
654 2302 960 2363 Epicureos,
977 2300 1061 2363 qui
1085 2300 1299 2362 singulis
1316 2299 1604 2347 hominibus

547 2374 771 2439 singulas
797 2376 1021 2425 tributas
1060 2390 1174 2423 esse
1217 2375 1392 2423 stellas
1428 2374 1608 2423 crede-

545 2452 689 2500 bant.
760 2450 822 2498 In
882 2450 1062 2498 eadem
1115 2450 1359 2513 opinione
1401 2447 1501 2497 fuit
1549 2457 1605 2498 et

449 2550 470 2569 >.
546 2511 990 2588 Maniliuspoe’ta.
1029 2526 1150 2573 Dal.
1218 2525 1439 2585 Singulis
1461 2526 1606 2573 aur-i·

546 2602 658 2650 buta
680 2601 832 2665 nobis]
855 2600 966 2649 Imo
989 2615 1112 2649 vero
1130 2607 1184 2648 et
1204 2601 1451 2649 Manilius
1467 2615 1606 2650 com-

544 2691 748 2724 munem
774 2678 1144 2737 astrologorum
1166 2683 1375 2725 secutus
1395 2685 1475 2725 est
1492 2689 1606 2725 sen·

546 2752 782 2813 tentiam,
802 2752 1139 2813 horoscopum
1166 2766 1255 2798 seu
1283 2753 1505 2812 positum
1538 2755 1603 2803 si·

547 2826 727 2874 derum
744 2828 991 2874 natalium
1009 2834 1241 2888 tempore
1256 2841 1399 2874 suam
1418 2828 1604 2892 cuique

545 2900 736 2950 bomini
758 2900 1068 2949 distribuere
1102 2910 1290 2949 sortem
1319 2914 1404 2949 ιιι.
1430 2905 1510 2951 38.
1548 2910 1603 2952 et

545 2976 803 3039 Epicurus
842 2977 1011 3024 omnia
1043 2982 1327 3024 atomorum
1350 2991 1603 3027 concursu

546 3052 677 3114 regi,
702 3053 874 3115 nilque
893 3052 957 3099 ab
978 3051 1267 3113 hujusmodi
1286 3052 1452 3099 causis
1478 3065 1602 3115 pen-

545 3126 670 3174 dere
695 3128 757 3174 ad
795 3128 949 3174 animi
977 3126 1402 3189 tranquillitatem
1427 3126 1602 3176 facere

546 3203 885 3264 proculdubio
928 3204 1158 3264 putavit:
1195 3212 1285 3251 aut
1324 3205 1367 3251 si
1397 3205 1604 3255 Stobaeo

545 3278 820 3339 credimus,
843 3279 928 3341 qni
968 3279 1145 3340 Eclog.
1189 3293 1227 3326 ι.
1267 3285 1348 3328 25.
1374 3295 1494 3342 pag.
1521 3286 1602 3330 54.

544 3353 609 3398 de
633 3353 727 3400 hac
764 3368 962 3416 qnoque
1002 3368 1057 3400 re
1094 3355 1404 3402 mentionem
1438 3355 1600 3406 facit:

543 3427 632 3474 τοῦ
648 3426 954 3487 ἐνδεχομένου
975 3427 1086 3489 ἧχε.
1156 3430 1504 3480 Quamobrem
1521 3448 1602 3482 me

545 3515 756 3550 suasore
799 3502 969 3550 Plinio
1012 3504 1287 3564 eredimus,
1329 3508 1468 3569 vulgi
1513 3510 1602 3558 luas

544 3575 702 3625 fnisse
738 3578 1159 3638 superstitiones:
1218 3579 1507 3641 cujusmodi
1546 3592 1601 3633 et

546 3654 663 3701 aliae
707 3653 825 3701 olim
873 3655 1070 3710 multae,
1114 3662 1168 3703 et
1223 3656 1417 3704 utinam
1463 3672 1599 3708 nnnc

545 3742 722 3775 omnes
760 3728 960 3778 desitae.
1029 3729 1288 3777 Caeterum
1323 3730 1388 3779 de
1425 3734 1598 3781 stella-

543 3816 654 3852 rum
678 3819 798 3853 casu
827 3806 940 3853 vide
965 3805 1114 3854 Hier.
1140 3807 1282 3868 Mag.
1309 3806 1373 3855 de
1412 3809 1597 3859 Exust.

544 3879 729 3927 Mundi
770 3894 856 3929 ιιι.
890 3883 938 3928 3.
975 3889 1029 3929 et
1053 3885 1099 3929 7.
1138 3887 1191 3928 et
1226 3880 1402 3930 Laert.
1425 3883 1515 3932 lib.
1542 3897 1596 3933 x.

544 3970 661 4018 pag.
682 3959 795 4004 423.
815 3958 902 4004 nbi
943 3958 1157 4021 Epicuri
1194 3972 1256 4007 ea
1292 3959 1356 4006 de
1395 3973 1449 4007 re
1487 3962 1596 4023 opi-

543 4033 746 4080 nionem
774 4032 950 4081 refert.

613 4106 721 4152 Non
744 4111 878 4154 tanta
889 4111 1005 4156 coelo
1041 4111 1239 4158 societas
1268 4111 1504 4160 nobiscum
1525 4119 1595 4162 est

1249 412 1463 462 NoT-AE:
1516 409 1917 457 VARlORUM
1970 408 2047 453 IN

1681 553 1797 615 plar
1817 551 2064 599 Toletan.
2084 548 2173 597 sed
2196 547 2283 603 ibi,
2300 538 2613 594 'venustiore
2637 559 2740 609 pro-

1683 629 1932 679 cnldubio
1957 641 2130 675 sensu.
2166 626 2384 673 Pintian.

1752 704 1912 752 Nimio
1934 704 2176 761 alimento,
2198 700 2305 763 &ct-J
2344 698 2676 752 cleomedes,
2691 700 2743 746 li·

1682 779 1787 826 bris
1811 779 2036 835 κυκλικῆς
2070 775 2277 838 θεωρίας,
2316 775 2512 835 sidera,
2553 775 2743 834 stellae,

1685 864 1840 911 astra,
1888 855 2091 914 oceani,
2147 864 2412 915 terraeque
2468 850 2741 912 vaporibus

1684 933 1749 980 ali
1790 931 2034 992 credidit,
2067 930 2307 993 quoniam
2355 926 2612 975 alimento
2646 927 2741 987 pri-

1685 1014 1834 1056 vatus
1852 1006 1986 1070 ignis
2011 1008 2178 1055 statim
2206 1004 2556 1066 extinguitur.
2601 1004 2740 1065 Virg.

1683 1083 1698 1109 ‘
1722 1082 1968 1130 Convexa
2027 1083 2174 1144 polus
2216 1080 2338 1128 dum
2405 1078 2587 1125 sidera
2636 1092 2740 1140 pas-

1683 1157 1803 1207 cet.’
1844 1156 2025 1217 Λίμνην
2048 1158 2183 1206 enim
2208 1155 2296 1212 τὴν
2319 1153 2575 1202 θάλατταν
2595 1154 2738 1201 etiarn

1683 1235 1945 1283 Homerus
1988 1240 2158 1282 vocat.
2227 1233 2372 1280 Zeno
2418 1230 2561 1291 apud
2596 1228 2740 1277 Lae'r-

1685 1311 1812 1358 tium
1860 1309 1960 1358 ait:
2012 1308 2076 1357 τὰ
2131 1307 2285 1370 ἄστρα
2324 1304 2513 1367 ἔμπυρα
2550 1303 2740 1367 τρέφεσ-

1684 1391 1776 1443 θαι,
1808 1385 1895 1435 τὸν
1927 1385 2015 1446 μὲν
2047 1385 2187 1443 ἥλιον
2226 1385 2279 1431 ἐκ
2315 1380 2542 1443 μεγάλης
2580 1381 2743 1430 dandr-

1680 1479 1784 1523 της,
1800 1464 1892 1522 τὴν
1921 1462 1972 1512 δὲ
2006 1461 2214 1521 σελήνην
2257 1460 2312 1508 ἐκ
2355 1458 2605 1519 ποταμίων
2645 1459 2742 1506 ὑδά-

1680 1556 1794 1599 των,
1834 1538 1898 1587 τὰ
1921 1539 1960 1585 δ’
1984 1537 2115 1586 ἄλλα
2147 1537 2240 1585 ἀπὸ
2273 1537 2365 1593 τῆς
2395 1537 2508 1595 γῆς,
2590 1535 2742 1596 Cujus

1681 1615 1952 1662 sementim
1988 1622 2044 1663 et
2079 1615 2203 1662 alios
2248 1620 2494 1661 auctores
2535 1612 2744 1660 adducit

1683 1689 1832 1737 Hier.
1871 1690 2015 1752 Mag.
2052 1689 2118 1738 de
2160 1687 2347 1737 Mundi
2384 1690 2575 1737 Exust.
2603 1703 2641 1736 ι.
2669 1691 2744 1737 13.

1683 1771 1737 1812 et
1771 1769 1850 1813 16.
1885 1773 1940 1814 et
1979 1780 2089 1828 seq.
2115 1772 2169 1813 et
2189 1766 2370 1813 Theon
2410 1778 2574 1825 snper
2598 1763 2740 1812 Arat.

1684 1854 1801 1902 pag.
1829 1844 1936 1889 108.
1974 1840 2137 1889 infor
2152 1842 2189 1887 δ’
2210 1839 2283 1888 ὅτι
2299 1839 2330 1897 ἦ
2352 1841 2443 1886 τοῦ
2459 1840 2661 1901 οὐρανοῦ
2681 1840 2744 1887 nl·

1682 1931 1814 1977 νησις
1828 1913 2013 1976 ’γίνεται
2028 1916 2083 1965 ἔκ
2097 1934 2233 1965 τινων
2255 1914 2615 1974 ἀναθυμιάσεων
2629 1907 2747 1964 urard

1680 1991 1767 2040 τὸν
1786 1992 2002 2053 φυσικὸν,
2035 1993 2088 2041 αἵ
2103 2010 2228 2041 τινες
2247 1991 2584 2053 ἀναθυμιάσεις
2600 1994 2747 2054 ῥυθμῷ

1680 2068 1771 2117 τινὶ
1788 2069 1930 2117 αὐτὸν
1944 2069 2142 2119 κινοῦσι.
2208 2070 2370 2117 Error
2394 2079 2544 2118 ortus
2569 2086 2633 2117 ex
2657 2085 2742 2134 op-

1680 2145 1812 2193 tices
1837 2146 2144 2208 ignorantia,
2173 2146 2572 2210 generatimque
2596 2160 2744 2195 accu-

1681 2228 1808 2269 ratae
1864 2220 2229 2284 Philosophiae.
2325 2221 2524 2268 Totum
2597 2236 2745 2283 porro

1679 2296 1815 2344 hunc
1847 2298 2019 2345 locum
2042 2296 2201 2343 Plinii
2224 2294 2470 2345 lubenter
2506 2296 2584 2343 ita
2611 2297 2745 2358 lege-

1680 2371 1803 2419 rim:
1843 2372 1977 2419 Hinc
1998 2373 2238 2420 redeamus
2257 2373 2320 2419 ad
2355 2370 2545 2432 reliqua
2574 2373 2744 2427 sidera,

1678 2462 1782 2509 quoe
1803 2451 1948 2513 affixa
1969 2448 2179 2496 diximus
2210 2448 2401 2509 mundo,
2431 2462 2528 2495 non
2557 2448 2661 2507 illa,
2694 2455 2745 2497 ut

1679 2524 1926 2573 existimat
1945 2525 2137 2585 vulgus,
2172 2524 2379 2585 singulis
2398 2524 2641 2572 attributa
2664 2539 2743 2572 no-

1679 2598 1767 2658 his,
1796 2601 2194 2662 adnumerataque
2213 2600 2514 2661 mortalibus,
2538 2604 2588 2647 et
2620 2602 2743 2647 clara

1679 2675 1921 2736 divitibus,
1935 2677 2116 2725 minora
2130 2676 2430 2738 pauperibus,
2451 2676 2653 2725 obscura
2667 2678 2743 2725 de-

1624 2806 1629 2811 .
1662 2752 1834 2816 fectis,
1871 2769 1927 2801 ac
1965 2768 2052 2814 pro
2085 2757 2213 2801 sorte
2254 2752 2481 2814 quusque
2523 2753 2739 2807 lucentia,

1678 2843 1760 2877 nec
1779 2843 1880 2876 cum
1901 2844 2002 2889 suo,
2023 2830 2102 2888 ᾇτ’.
2135 2828 2324 2877 Dalec.

1744 2904 1976 2952 Decidere
2008 2904 2291 2967 creduntur]
2350 2897 2544 2965 '‘Saepe
2587 2904 2739 2952 etiam

1679 2980 1853 3027 stellas
1881 2985 2033 3027 vento
2057 2979 2361 3040 impellente
2375 2978 2581 3025 videbis
2598 2979 2739 3027 Prae-

1679 3054 1867 3115 cipites
1888 3056 2020 3103 coelo
2054 3055 2177 3115 labi,
2211 3056 2484 3117 noctisque
2509 3069 2608 3117 per
2640 3070 2741 3101 um-

1679 3129 1794 3176 bras
1827 3130 2168 3178 Flammarum
2207 3131 2386 3190 longos
2425 3145 2453 3176 a
2496 3137 2648 3192 tergo
2671 3133 2739 3179 al·

1680 3204 1893 3253 bescere
1953 3203 2181 3254 tractus.’
2272 3204 2596 3253 Ptolemaeus
2647 3208 2737 3254 δια-

1680 3278 1802 3327 θέειν
1824 3281 2015 3341 stellas‚
2041 3280 2321 3334 discurrere,
2342 3279 2493 3327 dixit.
2565 3280 2729 3329 Paulo

1679 3362 1797 3418 post
1821 3371 1864 3404 c.
1890 3360 1971 3405 36.
1996 3356 2326 3418 trajectiones
2349 3368 2438 3402 eas
2463 3361 2520 3402 et
2547 3358 2737 3404 emica-

1680 3433 1845 3479 tiones
1867 3438 2047 3479 auctor
2067 3429 2568 3480 vocat‘discursus.’
2617 3431 2737 3479 Am·
2766 3493 2771 3498 Ι

1678 3509 1873 3555 mianus
1921 3506 2255 3554 Marcellinus
2317 3519 2432 3553 enm
2477 3504 2735 3569 fulgorem

1679 3583 1908 3644 appellat
1945 3580 2110 3645 δίφρου
2153 3581 2322 3638 ὁλκὴν,
2359 3581 2508 3644 quasi
2552 3596 2734 3631 currus

1675 3658 1908 3705 orbitam.
1976 3659 2319 3705 Transversas
2343 3657 2524 3705 stellas
2566 3666 2620 3706 et
2654 3673 2735 3706 ca·

1675 3731 1876 3795 dentes,
1902 3747 2016 3795 qnae
2051 3733 2423 3794 praetervolant
2461 3739 2517 3781 et
2554 3740 2735 3781 secant

1676 3807 1815 3866 aera,
1859 3809 2057 3856 Seneca
2101 3815 2290 3856 vocat:
2327 3806 2586 3869 ἃποῤῥοίας
2620 3823 2733 3858 esse

1675 3884 1934 3931 stellarum
1957 3883 2126 3932 Graeci
2153 3890 2356 3945 putant.

1737 3958 1835 4006 Suo
1874 3958 2288 4006 demonstrabimus
2322 3957 2445 4020 loco]
2480 3956 2615 4006 Vide
2664 3959 2735 4007 lo·

1672 4045 1786 4080 cnm
1803 4035 1895 4081 snb
1919 4034 2070 4081 finem
2096 4034 2245 4095 liujus
2262 4032 2397 4082 libri.
2426 4051 2437 4058 ³

1738 4110 1936 4164 Quando
1957 4112 2016 4157 ad
2039 4126 2139 4158 eam
2173 4114 2273 4157 tota
2305 4109 2534 4171 pertinet,
2558 4110 2731 4170 Signi·

543 4183 599 4226 ut
636 4184 791 4227 nostro
822 4181 933 4238 fato
971 4185 1182 4232 mortalis
1212 4188 1280 4233 sit
1312 4187 1395 4235 ille
1416 4201 1594 4251 quoque
1657 4176 1760 4243 seri
1781 4190 1916 4235 modo
1939 4180 2289 4236 inventionibus
2307 4200 2398 4235 non
2417 4187 2609 4249 dilatis]
2641 4188 2730 4236 Sic

544 4255 748 4304 siderum
771 4255 963 4319 fulgor]
985 4258 1102 4307 Non
1125 4261 1205 4309 ilie
1228 4261 1387 4311 habet
1419 4276 1586 4311 exem-

1669 4261 1817 4310 Vett.
1839 4262 1988 4313 codd.
2011 4263 2110 4326 leg.
2146 4264 2221 4312 ita
2258 4268 2315 4312 ut
2340 4268 2445 4313 tota
2467 4262 2730 4316 referatur
