3000 4917
497 386 688 453 ,4478
1229 401 1293 449 c.
1340 398 1583 448 rmum
1632 397 1962 447 suenum

516 563 867 629 torumque
894 541 1087 608 felleb
1113 542 1418 619 tinctum,
1435 540 1724 624 speciem
1755 542 1901 604 auri
1928 538 1998 603 in
2028 538 2290 604 coronis
2315 536 2701 605 histrionum

519 648 797 729 praebet.
884 645 1235 729 Idemque,
1280 645 1351 707 in
1390 644 1628 707 uncias
1674 640 1922 706 additis
1955 642 2097 705 auri
2130 640 2468 723 scrupulis
2499 643 2704 717 seniS,

520 748 846 830 praetenui
875 747 1121 830 pyropi
1138 754 1162 781 ⁰
1202 745 1477 809 bractea
1510 743 1846 826 ignescit.²
1934 741 2268 824 Regulare
2285 736 2315 776 ‘¹
2359 748 2427 806 et
2454 740 2521 805 in
2548 743 2706 806 aliis

518 848 596 912 fit
644 848 968 912 metallis:
1017 848 1308 929 itemque
1360 844 1750 910 caldarium.
1859 842 2296 919 Dit’ferentia,e
2337 841 2515 925 quod
2564 842 2701 907 cal‘·

520 948 775 1017 darium
826 948 1119 1013 funditur
1166 952 1447 1023 tantum,
1493 944 1755 1010 malleis
1806 943 2060 1025 fragile,
2106 943 2351 1026 quibus
2410 945 2703 1026 regulare

513 1048 931 1132 obsequitur,
979 1049 1065 1113 ab
1113 1048 1266 1112 aliis
1303 1046 1554 1112 ductile
1598 1046 2040 1130 appellatum,
2083 1043 2285 1128 quale
2332 1063 2528 1108 omne
2572 1045 2707 1130 Cy-

521 1150 735 1232 prium
766 1155 891 1213 est.
977 1148 1115 1213 Sed
1144 1148 1307 1211 etin
1337 1146 1585 1211 ceteris
1627 1146 1940 1211 metallis·
1983 1165 2145 1210 cura
2174 1144 2379 1209 distat
2406 1163 2451 1209 a
2478 1146 2708 1211 calda·

521 1247 644 1315 rio.
729 1248 942 1312 Omne
988 1249 1167 1312 enim
1212 1248 1511 1331 purgatis
1546 1246 1927 1328 diligentius
1975 1246 2109 1328 igni
2136 1246 2335 1323 vidie,
2379 1247 2709 1311 excoctis·

522 1357 705 1433 que,³
738 1349 1036 1430 regulare
1059 1354 1186 1412 est.
1272 1346 1354 1410 In
1380 1342 1694 1429 reliquis‘
1716 1347 2070 1428 generibus
2090 1347 2319 1429 palma
2337 1345 2708 1430 Campano.

523 1450 757 1516 Simile
781 1451 857 1515 in
885 1450 1111 1514 multis
1142 1447 1442 1532 partibus
1474 1447 1723 1527 ltaliae,
1752 1448 2274 1532 provinciisque.
2358 1440 2497 1513 Sed
2529 1455 2708 1513 octo·

521 1564 643 1617 nas
673 1550 936 1635 plumbi
963 1549 1173 1615 libras
1202 1548 1513 1626 addunt,⁸
1555 1556 1622 1614 et
1648 1549 1813 1614 bene
1843 1554 2216 1633 recoquunt
2247 1554 2517 1633 propter
2562 1550 2704 1614 ino-

522 1654 707 1737 piam
734 1651 919 1732 ligni.
1008 1648 1361 1727 Quantum
1408 1668 1492 1713 ea
1537 1668 1645 1714 res
1672 1649 2051 1716 differentiae
2094 1649 2349 1726 afferat,
2381 1650 2448 1712 in
2479 1649 2711 1715 Gallia

523 1753 813 1817 maxime
860 1750 1160 1828 sentitur,
1205 1751 1324 1815 ubi
1369 1752 1539 1815 inter
1594 1750 1856 1834 lapides
1909 1750 2340 1817 candefactos
2396 1749 2712 1816 funditur.

523 1853 914 1918 Exurente4
954 1851 1130 1915 enim
1184 1859 1463 1917 coctura
1510 1852 1760 1933 nigrum
1812 1860 2019 1937 atque
2071 1851 2303 1934 fragile
2350 1852 2712 1918 conficitur.

517 1954 864 2018 Praeterea
905 1953 1111 2016 semel
1153 1959 1563 2034 recoquunt:
1611 1952 1789 2036 quod
1836 1954 2085 2037 saepius
2123 1952 2396 2031 fecisse,
2425 1954 2715 2019 bonitati

525 2055 880 2138 plurimum
912 2053 1183 2118 confert.
1268 2052 1351 2117 Id
1383 2073 1650 2136 quoque
1682 2046 1949 2120 notasse
1972 2052 2000 2091 ¹¹
2041 2073 2173 2120 non
2213 2055 2301 2119 ab
2326 2073 2415 2119 το
2458 2060 2583 2133 est,
2616 2075 2714 2121 ωε

525 2172 721 2219 omne
749 2152 985 2234 frigore
1014 2172 1257 2235 magno
1286 2153 1528 2216 melius
1557 2154 1794 2218 fundi.5

608 2255 914 2337 Sequens
941 2260 1395 2335 temperatura
1423 2257 1744 2320 statuaria
1791 2261 1913 2337 est,
1961 2255 2326 2340 eademque
2366 2255 2715 2351 tabulariS,

588 2422 613 2447 ⁸
639 2414 702 2465 In
722 2414 835 2465 aliis
853 2430 884 2464 a
908 2415 1068 2480 Cypro
1076 2414 1270 2476 fodinis
1289 2415 1495 2466 mariis.
1584 2430 1589 2435 ’

1443 2527 1812 2561 ῩΟΜΟΟΝΟΟΟ

521 2609 738 2671 regulare
758 2614 849 2670 est,
867 2614 1112 2672 uerumque
1127 2609 1321 2659 ductile.
1393 2612 1702 2661 Coronarium
1717 2617 1940 2662 tenuatur
1961 2611 2190 2662 Gronov·
2212 2617 2269 2660 et
2289 2610 2565 2673 vulgg.—2
2587 2608 2715 2657 Vct.

523 2674 705 2722 Dalec.
722 2673 917 2736 prebet.
982 2673 1210 2734 ffiusdem
1227 2674 1281 2722 ia
1302 2673 1484 2736 uncias,
1503 2676 1586 2736 ἃμ.
1611 2677 1846 2738 proeeenui
1865 2676 2053 2725 &actea
2081 2677 2248 2739 pyropi
2266 2675 2487 2735 ignescit.
2530 2673 2715 2720 Dalec.

519 2737 829 2800 wopis—3
865 2736 991 2785 Vet.
1016 2738 1200 2787 Dalec.
1220 2742 1668 2800 excoctumque-4
1724 2738 1808 2788 Ita
1830 2754 1894 2787 ex
1914 2739 2067 2788 codd.
2094 2738 2393 2802 Harduimrs
2415 2746 2468 2785 et
2492 2740 2716 2785 recenti.

522 2802 651 2850 lente
689 2804 995 2862 concoquunt.
1086 2801 1330 2856 Quantum
1373 2816 1428 2850 ea
1466 2816 1544 2850 res
1574 2802 1686 2866 deff.
1716 2805 1804 2865 &c-
1836 2803 2068 2863 finditur
2098 2808 2292 2865 propter
2329 2801 2539 2860 inopium
2577 2798 2719 2860 ligni.

525 2865 775 2913 Exurmte
795 2864 919 2913 Ver.
937 2864 1120 2912 Dalec.
1164 2869 1214 2914 et
1233 2865 1337 2913 lene
1355 2871 1608 2927 recoquunt
1631 2866 1863 2916 Gronov.
1885 2874 1942 2915 et
1962 2868 2236 2932 vulgg.-6
2261 2865 2392 2914 Cod.
2405 2865 2589 2914 Dalec.
2607 2875 2719 2910 eoa-

511 2927 641 2991 ἰπὶ,
680 2928 875 2991 ideoque
904 2933 1092 2978 notam
1128 2943 1227 2978 non
1256 2927 1341 2977 obs
1370 2943 1425 2979 rs
1457 2935 1547 2978 est.
1612 2932 1704 2979 AEs
1741 2945 1875 2980 ome
1895 2930 1947 2990 f.
1983 2945 2049 2979 m.
2081 2930 2252 2979 melias
2291 2929 2557 2990 funditur,-
2589 2925 2716 2974 Vet.

1518 3057 1732 3110 NOTAE

523 3204 534 3211 ,
588 3152 613 3187 ¹³
645 3153 996 3216 Taurorumque
1023 3153 1169 3218 felle]
1226 3153 1275 3202 A
1312 3154 1423 3204 solo
1463 3153 1588 3218 igne

525 3228 736 3278 trahere
763 3230 923 3277 .liunc
975 3229 1202 3279 colorem
1242 3230 1467 3280 Savotus
1505 3236 1589 3280 est

527 3309 727 3358 auctor,
748 3304 847 3351 loc.
871 3303 964 3352 cit.
986 3318 1040 3366 p.
1063 3308 1178 3353 125.

590 3385 614 3412 ο
645 3378 893 3426 Proeteasi
905 3377 1099 3442 pyropi]
1149 3379 1267 3428 Hoc
1288 3388 1388 3437 est,
1411 3384 1470 3428 ut
1487 3380 1585 3429 Isi-

525 3453 684 3502 dorus
726 3452 956 3516 explicat
990 3453 1093 3502 loc.
1131 3454 1224 3502 cit.
1275 3453 1293 3480 ‘
1321 3454 1587 3505 Pratenui

524 3528 744 3579 bractea
758 3527 1005 3590 ignescit,
1020 3535 1075 3576 et
1093 3527 1325 3577 imitatur
1336 3526 1590 3593 flammas,

526 3605 727 3655 undeet
743 3617 996 3668 pyropum
1010 3603 1239 3654 dicitur-³
1274 3605 1449 3657 Greci
1471 3624 1588 3670 πυρ·

525 3678 655 3730 αυτὸν
673 3687 881 3741 vocant,
902 3678 1039 3745 quod
1063 3687 1146 3728 est
1169 3687 1384 3743 aspectu
1412 3683 1587 3735 rutilo.

527 3794 538 3801 .
588 3757 615 3791 ⁴¹
648 3756 913 3820 Regnare]
962 3756 1114 3808 Quod
1139 3759 1192 3806 in
1215 3760 1420 3821 regulas
1442 3761 1588 3810 duci·

527 3841 632 3895 tur,
653 3833 794 3898 quod
817 3832 1014 3882 malleis
1035 3830 1292 3895 tunditur,
1308 3841 1367 3882 ut
1390 3833 1586 3884 ductile

526 3909 639 3972 fiat,
660 3915 716 3958 et
736 3908 1004 3970 regulare:
1040 3908 1180 3958 sicut
1208 3916 1390 3959 eontra
1410 3907 1584 3968 fusile,

527 3985 664 4049 quod
704 3991 914 4034 tantum,
940 3980 1191 4041 funditur,
1229 3985 1381 4050 quale
1411 3986 1587 4034 calda-

528 4059 663 4109 rium
706 4066 805 4109 est.
863 4058 1110 4117 Isidorus,
1149 4061 1254 4112 loc.
1299 4061 1392 4111 cit.
1445 4061 1587 4111 Alibi

528 4149 681 4200 quam
716 4135 767 4183 in
806 4133 1004 4183 aerariis
1040 4134 1206 4201 Cypri
1239 4135 1433 4187 fodinis
1468 4135 1585 4188 fieri

523 4223 664 4260 nunc
687 4207 889 4260 Plinius
907 4208 1165 4260 admonet.

1728 3163 1752 3190 e
1780 3154 2107 3220 Dtjfferentio]
2138 3154 2384 3204 Totidem
2421 3149 2592 3201 verbis
2622 3148 2721 3198 Isi-

1663 3228 1818 3280 dorus
1841 3231 1938 3280 loc·
1959 3231 2050 3279 cit'.

1726 3306 1751 3339 θ’
1774 3308 1836 3357 Ia
1855 3306 2077 3371 reliquis]
2105 3305 2336 3356 Isidorus
2351 3306 2453 3354 loe.
2472 3303 2565 3356 eit.

1726 3391 1754 3428 8
1785 3385 1885 3433 Sed
1903 3390 2123 3434 octonas.
2139 3380 2399 3443 ..σαώθη
2432 3379 2518 3429 Ad
2540 3384 2722 3427 ceute·

1661 3472 1730 3507 na
1746 3459 1948 3509 scilicet
1961 3460 2077 3508 aeris
2094 3455 2299 3523 proflati
2318 3455 2509 3519 pondo,
2525 3462 2586 3504 ut
2604 3467 2723 3504 mox

1660 3533 1881 3587 dicetur.

1726 3608 1753 3643 ¹¹
1784 3611 1848 3659 Id
1883 3624 2060 3674 quoque
2089 3608 2297 3672 norme]
2330 3607 2522 3657 Iisdem
2547 3605 2723 3656 verbis

1662 3684 1889 3736 Isidorus
1910 3687 2010 3736 loc.
2032 3685 2126 3736 cit.
2172 3685 2256 3734 Ab
2273 3683 2353 3732 liis
2375 3681 2592 3731 vocibus
2615 3674 2725 3731 Pli-

1662 3760 2065 3815 niani0editores
2086 3759 2277 3823 capitis
2299 3758 2503 3807 initium
2524 3755 2721 3816 fecere,

1662 3835 1746 3885 cui
1786 3844 1845 3885 et
1879 3835 2132 3885 addidere
2170 3835 2372 3888 lemma,
2410 3832 2727 3897 Differ-entia

1660 3912 1774 3961 aris
1791 3916 1840 3961 et
1857 3912 2101 3972 udum,
2117 3910 2253 3974 quod
2270 3908 2435 3958 multo
2454 3913 2577 3958 ante
2591 3921 2722 3971 pra:-

1664 3986 1751 4049 figi
1783 3987 2019 4050 oportuit
2051 3986 2102 4035 ei
2140 3988 2273 4048 loeo,
2305 3983 2442 4033 unde
2476 3996 2573 4032 nos
2601 3996 2722 4044 cap.

1663 4061 1959 4112 vicesimum
1996 4060 2256 4123 auspicati
2286 4064 2481 4120 sumus,
2517 4063 2581 4106 ut
2610 4058 2724 4121 ipsa

1664 4143 2037 4190 comnoustrat
2078 4135 2320 4186 Pliniana
2362 4134 2553 4183 oratio.
2653 4133 2721 4183 In

1665 4213 1797 4262 Μαι.
1824 4212 2170 4277 porrosrr'gori
2189 4224 2361 4274 magno
2381 4210 2622 4274 legimus.
