3000 4917
477 404 653 471 44:38

1205 365 1291 464 (³1².l
1318 414 1495 464 1⁸th
1507 414 1568 463 11
1609 413 1940 464 saeuum

483 584 530 630 a
577 559 966 628 censoribus
1015 558 1102 623 P.
1154 557 1467 624 Cornelio
1515 558 1860 641 Scipione,
1912 555 2015 621 M.
2061 556 2363 640 Popilio,
2411 562 2669 624 statuas

484 665 669 732 circa
711 660 983 737 Forum,
1021 679 1253 725 eorum
1284 659 1406 742 qui
1444 659 1914 740 magistratum
1944 665 2340 739 gesserunt,¹
2369 658 2672 723 sublatas

480 783 739 841 ‚omnes,
768 771 1016 846 praeter
1038 781 1157 827 eas
1184 781 1342 845 quae
1368 760 1612 843 populi
1639 766 1761 825 aut
1788 767 2064 824 senatus
2110 762 2430 824 sententia
2459 766 2676 826 statu-

485 872 578 931 tae
606 872 847 930 essent·
932 862 1104 928 Eam
1131 882 1295 928 vero
1331 881 1536 946 quam
1576 860 1757 945 apud
1793 861 2014 927 aedem
2040 861 2375 926 ‘I'elluris‘¹
2404 863 2676 926 statuis·

475 972 590 1034 set
615 966 749 1032 sibi
776 966 902 1049 Sp.
930 964 1235 1042 Cassius,
1263 963 1382 1046 qui
1410 981 1686 1043 regnum
1727 960 2178 1038 affectaverat,
2198 962 2397 1026 etiam
2430 962 2677 1025 confla·-

487 1075 628 1133 tam
669 1085 715 1132 a
756 1067 1164 1134 censoribus.
1253 1064 1602 1132 Nimirum
1645 1064 1718 1127 in
1763 1083 1848 1128 ea
1892 1082 2166 1146 quoque
2207 1082 2280 1127 re
2325 1063 2679 1130 ambitioni

488 1169 935 1253 providebant
969 1168 1073 1234 illi
1115 1168 1261 1233 viri.
1348 1165 1608 1231 Extant
1635 1164 1918 1231 Catonis
1946 1166 2017 1229 in
2046 1184 2328 1230 censura
2356 1164 2681 1237 vocifera*

489 1273 733 1349 tiones,
783 1269 1174 1333 mulieribus
1231 1266 1557 1331 Romanis
1606 1267 1679 1330 in
1738 1267 2108 1349 provinciis
2178 1274 2444 1331 statuas
2494 1267 2681 1349 poni.

492 1370 646 1438 Nec
673 1376 894 1436 tamen
922 1370 1143 1453 potuit
1168 1368 1483 1445 inhibere,
1515 1368 1875 1452 quominus
1896 1367 2138 1432 Romae
2166 1387 2443 1452 quoque
2469 1387 2680 1450 pone-

491 1480 736 1549 rentur,
759 1471 955 1536 sicuti
975 1470 1305 1536 Corneliae
1326 1469 1782 1535 Gracchorum
1803 1471 2025 1545 matri,
2047 1487 2203 1552 quae
2227 1468 2358 1533 fuit
2381 1458 2686 1534 Africani

492 1574 775 1659 priorisr
802 1572 962 1637 filia.
1050 1572 1309 1637 Sedens
1334 1572 1492 1636 huic
1525 1572 1780 1654 posita,
1821 1571 2155 1653 soleisque
2190 1571 2335 1634 sine
2364 1576 2686 1654 amento}⁸

494 1674 799 1757 insignis,
826 1673 898 1738 in
921 1672 1189 1739 Metelli
1218 1674 1488 1757 publica
1518 1675 1817 1757 porticu:
1843 1692 1999 1757 quae
2030 1677 2249 1736 statua
2277 1691 2453 1736 nunc
2481 1680 2586 1737 est
2614 1671 2687 1740 in

497 1773 808 1840 Octaviae
837 1776 1181 1859 operibus.

587 1892 721 1941 xv.
767 1875 1051 1941 Publice
1078 1881 1302 1941 autem
1332 1879 1419 1942 ab
1448 1875 1695 1941 exteris
1720 1875 1951 1959 posita
1975 1880 2079 1938 est
2100 1871 2343 1937 Romae
2366 1869 2445 1937 CL
2466 1872 2690 1935 AElio⁸

497 1976 760 2042 tribuno
786 1976 1032 2061 plebis,
1067 1976 1218 2060 lege
1260 1980 1523 2063 perlata
1563 1978 1978 2042 in‘Stenium
1999 1984 2020 2014 ¹
2054 1974 2393 2038 Statilium
2413 1972 2438 2010 '³
2467 1974 2691 2039 Luca·

563 2157 874 2209 ‘Sinelon

1411 2251 1771 2273 OOOOOO‘O‘OOO

556 2366 703 2416 'CA-P.
725 2378 841 2415 xlv.
906 2370 931 2416 1
968 2365 1100 2417 Cod.
1121 2365 1307 2415 Dalec.
1329 2366 1645 2427 magistratus
1663 2370 1926 2425 gesserant.
2535 2427 2540 2432 Δ

566 2430 701 2482 Cu.
726 2443 821 2481 xv.
889 2435 915 2480 1
952 2430 1235 2495 Septimium
1249 2430 1366 2481 cod.
1383 2430 1569 2480 Dalec.
1624 2428 1874 2479 Stennium
1893 2429 2122 2479 Gronov.
2138 2435 2192 2478 et
2210 2430 2278 2478 al.
2296 2435 2417 2479 ante
2436 2428 2704 2484 Harduin.

1485 2574 1705 2626 NOTAE

502 2674 686 2733 postea
717 2675 888 2718 ortum
921 2670 1072 2720 duxit
1109 2684 1194 2721 η.
1226 2685 1355 2721 ror.
1388 2684 1558 2721 unro-

501 2755 724 2794 Tuuvs.
755 2756 808 2792 ι».
840 2755 890 2792 ι.
924 2756 1059 2793 Ave.
1092 2754 1150 2794 et
1187 2744 1419 2810 ejusdem
1450 2744 1562 2794 filia

504 2818 733 2881 Helena,
759 2818 812 2868 in
845 2833 1051 2868 nummo
1080 2827 1331 2884 argenteo
1355 2834 1560 2884 perraro

502 2894 781 2958 appellata,
833 2907 1077 2945 uenatu.
1120 2908 1175 2945 u.
1221 2909 1269 2945 ιτ.
1317 2902 1332 2925 ⁸
1357 2895 1561 2945 Helena

505 2970 798 3034 Nepotiani
839 2968 978 3032 filia:
1026 2971 1312 3037 alteraque,
1354 2984 1564 3021 uvswa

502 3060 564 3097 u.
597 3060 650 3096 ιτ.
679 3049 695 3075 ‘
714 3047 908 3097 Fausta
933 3047 1210 3110 Nepotiani
1245 3046 1388 3104 filia:
1423 3046 1564 3111 apud

505 3125 577 3174 1).
598 3121 895 3174 Baudelot!
929 3123 1025 3173 Ed.
1046 3137 1139 3172 sec.

569 3208 597 3244 a
627 3202 799 3251 AEdem
839 3198 1064 3262 Telluris]
1094 3198 1158 3248 In
1183 3204 1366 3264 quarta
1404 3198 1566 3249 Urbis

506 3276 719 3339 regione
748 3274 1020 3337 Templum
1052 3275 1274 3324 Telluris
1302 3289 1334 3323 a
1356 3274 1420 3324 Ρ.
1444 3274 1566 3324 Vic-

508 3359 624 3401 tore
647 3351 914 3401 statuitur.
948 3350 1030 3400 De
1051 3349 1146 3414 Sp.
1164 3350 1345 3400 Cassio
1367 3350 1565 3414 egimus

504 3439 625 3490 cap.
644 3428 695 3474 9.

572 3511 592 3537 ¹·
620 3501 845 3563 Africani
864 3500 1063 3566 prioris]
1092 3501 1346 3564 Scipionis
1363 3498 1566 3550 Africa·

509 3580 563 3630 ni
588 3578 796 3643 majoris
818 3579 970 3641 vulgo
992 3578 1138 3628 dicti.
1204 3576 1338 3626 vide
1361 3577 1566 3627 Plutar-

510 3656 661 3705 chum
700 3654 753 3704 in
774 3653 1048 3712 Gracchis,
1078 3653 1193 3716 ipso
1227 3652 1477 3703 initio.—‘
1500 3654 1569 3702 In

510 3731 729 3782 nummis
748 3730 978 3796 antiquis
1000 3745 1150 3779 casus
1167 3731 1394 3780 Gracchi
1409 3732 1569 3780 nomi·

511 3807 714 3856 nativus
757 3820 964 3870 semper
1013 3817 1259 3855 cnaccvs
1312 3805 1572 3864 scribitur,

511 3897 615 3938 non
651 3894 963 3939 (πασσαγε,
983 3882 1214 3946 quamvis
1253 3881 1389 3946 apud
1427 3883 1572 3933 Plnt.

514 3958 725 4023 Γράκχος
747 3956 852 4007 sit.'
884 3959 979 4007 Ed.
997 3973 1091 4008 sec.

579 4043 602 4072 ⁸
638 4037 695 4086 C.
717 4033 873 4097 AElio]
906 4034 966 4084 C.
990 4034 1122 4084 AElio
1147 4035 1317 4098 Peto,
1347 4041 1404 4084 ut
1432 4035 1575 4094 arbi·

515 4119 642 4174 nor,
681 4110 731 4160 ei
755 4110 843 4173 qui
884 4117 1063 4173 postea
1093 4110 1431 4160 Consulatum
1455 4124 1571 4173 ges·

512 4189 603 4251 sit,
623 4201 757 4237 anno
788 4186 945 4238 Urbis
980 4185 1372 4237 ceceanu-»³
1400 4188 1461 4236 C.
1484 4189 1573 4236 AE'·

512 4269 601 4332 lio]
650 4266 732 4318 Ad
769 4280 991 4318 summos
1028 4274 1211 4329 postea
1237 4266 1574 4330 magistratus

1638 2675 1827 2718 evecta
1848 2684 1974 2728 gens
1996 2669 2128 2733 AElia
2159 2667 2263 2718 fuit
2280 2685 2296 2718 ι
2332 2685 2400 2718 ex
2422 2683 2526 2733 qua
2548 2669 2698 2719 nimi-

1639 2759 1752 2793 rum
1774 2744 1935 2793 AElins
1959 2745 2193 2808 Sejanus,
2231 2750 2287 2793 et
2323 2744 2487 2794 AElius
2520 2745 2701 2794 Nerva

1640 2820 1838 2879 Cesar,
1881 2820 1970 2883 qui
2013 2821 2066 2868 in
2109 2820 2299 2870 Graeco
2340 2835 2547 2869 nummo
2598 2828 2703 2876 est.

1639 2909 1773 2944 nunc
1810 2910 1842 2943 e
1885 2895 2029 2944 Gaza
2073 2895 2363 2953 Parmensi,
2395 2902 2601 2946 AIAIOC
2634 2904 2700 2946 Ν.

1640 2976 1896 3020 KAICAP:
1940 2971 2102 3021 Annos
2141 2975 2348 3034 Νερούεις
2384 2973 2605 3035 Kainon:
2645 2965 2703 3034 et

1642 3048 1805 3099 AElius
1828 3046 2128 3097 Hadrianus
2152 3046 2437 3112 Augustus,
2458 3057 2515 3097 et
2538 3047 2704 3098 AElius

1645 3124 1824 3174 Cesar
1853 3122 2167 3188 Antoninus,
2203 3125 2414 3189 aliique.
2481 3126 2562 3175 Ex
2600 3122 2709 3174 affi-

1643 3200 1810 3250 nitate
1865 3214 1981 3250 cnm
2034 3198 2325 3249 Caesaribus
2377 3200 2706 3251 nobilitatem

1643 3275 1836 3339 adepta
1856 3284 1936 3325 est
1949 3290 2051 3325 una
2067 3274 2261 3325 familia
2276 3289 2343 3325 ex
2365 3274 2499 3325 AElia
2513 3283 2703 3339 gentez

1647 3366 1712 3400 ex
1759 3368 1863 3417 qua
1899 3366 1956 3402 se
2000 3353 2068 3403 ob
2110 3367 2225 3401 eam
2268 3367 2474 3402 causam
2517 3353 2710 3404 AElinm

1647 3429 1926 3493 Caesarem,
1957 3444 2061 3478 non
2084 3429 2269 3479 AElinm
2309 3430 2618 3494 simpliciter
2651 3437 2710 3481 et

1646 3505 1896 3565 absolute,
1938 3506 2232 3557 Antoninus
2276 3507 2402 3558 Pius
2435 3507 2711 3573 appella&

1644 3583 1852 3633 Educe-

1712 3657 1736 3691 δ
1767 3658 1987 3708 Staium
2024 3659 2297 3722 Statilium]
2331 3659 2558 3710 Statium
2588 3661 2712 3709 Sta·

1650 3736 1811 3801 tilium
1854 3736 2099 3785 mendose
2139 3750 2233 3798 pro
2278 3737 2457 3786 Stenio
2497 3736 2714 3788 Statilio

1649 3820 1800 3861 vocat
1839 3812 2078 3861 Valerius
2118 3812 2262 3861 Max.
2294 3825 2331 3861 1.
2366 3816 2416 3860 8.
2448 3817 2501 3862 6.
2545 3828 2598 3874 p·
2628 3817 2716 3862 67.

1650 3887 1972 3938 Lucanorum
1998 3887 2398 3950 Brutiorumque
2434 3888 2622 3937 ducem
2659 3888 2716 3936 in

1650 3976 1715 4010 eo
1737 3962 1891 4017 bello,
1915 3978 2017 4026 quo
2053 3962 2243 4025 gemini
2266 3963 2445 4027 populi
2467 3964 2717 4016 Thurina

1651 4037 1795 4088 urbis
1818 4040 2068 4102 petebant
2088 4038 2366 4089 excidium.
2399 4037 2558 4102 Apud
2573 4038 2719 4089 Gru·

1652 4121 1818 4163 terum
1844 4130 1896 4176 p.
1920 4127 2196 4164 ncccxxx.
2249 4128 2499 4178 emmiu,
2520 4123 2577 4167 et
2596 4128 2717 4166 8⁶1·ss-

1654 4203 1771 4254 MA,
1789 4203 1890 4240 nou
1912 4203 2090 4241 sunau
2101 4203 2203 4242 ivs.
2598 4206 2612 4216 ·
