3000 4917
513 391 690 461 4898
794 448 803 455 ,

516 556 589 604 lor
609 553 794 614 ingone,
813 560 1067 615 reponere
1098 546 1417 598 nitebantur.
1454 543 1587 604 Reg.

519 634 572 679 2.
599 636 656 677 et
678 626 826 679 Colb.
847 630 897 676 3.
931 624 1101 675 ceteris
1131 621 1355 685 pallidior
1382 622 1588 680 argento

519 711 568 754 et
590 719 725 754 auro.
776 701 1057 753 Salmasius
1090 700 1145 749 in
1173 699 1426 752 Solinnm,
1464 709 1585 760 pag.

521 785 669 831 1094.
700 779 869 829 ceteris
899 777 1125 841 pallidior
1152 775 1216 824 ud
1239 776 1515 834 argentum,
1538 775 1587 819 et

520 857 574 906 in
593 869 746 906 earo.
763 889 777 904 .
796 855 1034 915 αππιαν,
1063 858 1122 901 ut
1154 850 1266 900 baec
1308 847 1371 898 ad
1398 846 1587 897 Arabi·

522 947 640 982 cum
673 931 1002 981 adamantem
1042 926 1361 988 referentur,
1384 922 1450 972 de
1484 936 1589 988 quo

520 1008 758 1072 proxime
776 1012 931 1057 auten
947 1019 1120 1055 sermo
1130 1001 1249 1053 fuit.
1282 1001 1411 1050 Mox
1427 998 1588 1060 idem,

517 1083 768 1135 incudibus
793 1084 840 1132 is
857 1080 1235 1144 deprehenditur,
1256 1078 1329 1127 ito
1360 1089 1588 1139 respuens

520 1161 687 1220 ictum,
706 1161 788 1222 &⁴⁰-
820 1159 953 1210 Quoe
976 1163 1097 1206 sunt
1119 1154 1292 1204 omnia
1315 1166 1349 1200 a
1370 1150 1589 1214 scripto·

520 1235 594 1284 ris
609 1242 783 1285 mente
796 1231 1072 1289 admodum
1086 1227 1416 1281 abhorrentia
1428 1242 1443 1276 ε
1468 1239 1587 1274 nam

522 1307 802 1359 Arabicum
828 1307 1046 1371 primum
1071 1304 1395 1354 adamantem
1415 1299 1590 1349 simili·

520 1390 599 1434 ter
616 1392 774 1447 utque
794 1380 1032 1432 Indicum
1048 1379 1181 1429 nasci
1195 1383 1316 1428 ante
1337 1374 1589 1439 prodidit,

523 1460 622 1511 boc
643 1466 747 1520 est,
767 1472 861 1507 nou
889 1457 944 1507 iu
960 1471 1098 1520 auro,
1117 1456 1202 1505 sed
1222 1453 1424 1517 quodam
1454 1465 1587 1515 crys-

521 1534 631 1584 talli
649 1533 928 1597 cognatione
941 1548 959 1581 .·
990 1529 1288 1594 ceterisque
1308 1525 1587 1592 generibus

523 1623 824 1662 communes
866 1607 1115 1670 deinceps
1158 1604 1306 1654 dotes
1339 1618 1428 1652 eas
1470 1616 1587 1651 esse

525 1689 679 1749 velle,
703 1684 912 1749 palloris
927 1682 1169 1735 nimirum
1192 1678 1447 1743 argentei,
1470 1677 1589 1726 viri-

523 1775 717 1827 umque
739 1757 1013 1810 incudibus
1036 1756 1420 1810 indomitarnm,
1437 1767 1589 1815 aper·

525 1845 581 1889 te
614 1836 807 1901 prodit.
843 1848 963 1885 cum
995 1832 1230 1897 subjicit,
1256 1832 1418 1881 Unum
1437 1830 1587 1880 exiis

523 1918 695 1963 nocant
712 1911 959 1966 caelu-on,
980 1923 1047 1959 ex
1069 1908 1133 1958 iis
1156 1906 1356 1958 scilicet
1385 1906 1587 1969 generi-

523 1988 645 2051 bus,
681 2001 797 2053 quae
826 1983 1111 2050 generatim
1143 1981 1296 2033 modo
1329 1980 1589 2043 complec-

526 2064 674 2122 titur,
713 2060 925 2111 dotibus
972 2058 1264 2122 assignatis,
1302 2071 1422 2121 quae
1467 2063 1590 2106 sunt

524 2139 763 2189 omnibus
802 2138 867 2188 iis
896 2149 1208 2187 communes.
1261 2133 1482 2184 Eri-andi
1507 2148 1587 2183 ar·

526 2220 825 2281 gumentum
856 2219 913 2264 et
933 2225 1140 2262 causam
1173 2210 1424 2260 salmasio
1453 2208 1589 2259 Soli·

524 2304 621 2341 nus
644 2289 862 2352 objecit,
876 2301 926 2339 c.
947 2292 1029 2337 62.
1059 2302 1110 2351 p.
1131 2289 1214 2335 82.
1252 2284 1342 2334 nbi
1381 2289 1589 2348 postea·

527 2379 683 2431 quam
708 2364 771 2414 de
785 2364 973 2414 Indico
991 2362 1266 2412 adamante
1284 2360 1438 2425 dixit,
1456 2359 1589 2410 Ara·

524 2440 646 2490 bico
685 2438 948 2504 neglecto,
989 2437 1240 2487 transiliit
1275 2436 1342 2486 nd
1378 2450 1535 2486 unum
1559 2449 1589 2484 e

524 2514 739 2580 reliquis
777 2513 1072 2578 generibus,
1105 2512 1174 2562 de
1211 2527 1314 2577 qno
1349 2512 1423 2562 sic
1461 2511 1549 2560 ille
1571 2526 1588 2559 ι

526 2594 544 2620 ⁴
567 2591 711 2641 Huic
744 2590 1029 2653 proximus,
1061 2589 1116 2638 in
1153 2587 1591 2639 excellentissimo

528 2681 655 2716 auro
678 2665 1107 2730 deprehenditur,
1124 2663 1383 2728 pallidior,
1404 2678 1467 2714 ac
1484 2677 1590 2712 ma·

525 2743 608 2804 gis
624 2742 688 2791 ad
701 2743 905 2809 argenti
914 2742 1143 2791 colorem
1159 2739 1424 2790 renitens.'
1456 2741 1591 2791 Quat.

527 2818 812 2867 Salmasius
842 2816 909 2865 ad
939 2816 1217 2867 Arabicum
1241 2815 1590 2877 adamantem,

525 2907 678 2957 quem
702 2892 903 2942 Plinius
921 2891 1105 2942 Iudico
1129 2891 1417 2955 proximum
1438 2889 1592 2951 facit,

524 2970 792 3033 pertinere
831 2967 1075 3019 credidit.
1141 2965 1247 3016 Sed
1298 2965 1588 3016 adamantis

524 3059 720 3109 genera
742 3045 964 3108 Plinius,
1001 3058 1158 3108 quam
1190 3043 1412 3105 Solinus,
1435 3043 1591 3105 plura

525 3123 771 3185 agnovit:
806 3122 906 3172 iste
927 3128 1178 3186 quaterna
1199 3125 1428 3176 tantum:
1464 3131 1590 3168 sena

524 3198 636 3262 ille,
659 3213 720 3248 sc
742 3198 966 3247 diversa.

592 3278 674 3324 10.
709 3272 850 3324 Ibid.
882 3274 943 3322 In
969 3273 1128 3337 Cypro
1160 3285 1365 3334 vergens
1389 3272 1443 3320 in
1464 3270 1590 3320 u'e‘ri·

524 3363 605 3397 um
623 3348 844 3411 colorem]
877 3343 961 3398 Ita
975 3349 1118 3398 clare
1136 3346 1451 3399 Colb.8.1n
1475 3347 1591 3397 aliis

524 3440 716 3489 cereum,
733 3440 907 3476 errore
924 3425 1134 3475 minime
1153 3425 1331 3475 dubio.
1364 3425 1591 3488 Epipha-

526 3502 642 3555 nius
682 3501 749 3550 de
783 3501 1031 3557 Geminis,
1065 3514 1117 3563 p·
1155 3504 1274 3549 280.
1325 3500 1385 3549 ‘0
1413 3499 1592 3550 λίθοι-6

524 3562 706 3639 &aas
728 3575 932 3641 ἐμφερής
952 3578 1059 3628 ἐστι
1079 3574 1206 3626 κατὰ
1224 3576 1317 3634 τὴν
1336 3575 1506 3639 χροιὰν
1516 3578 1593 3637 τᾷ

527 3655 649 3718 ἀέρι.
682 3655 755 3703 Et
778 3669 832 3718 p.
854 3658 971 3704 281.
993 3652 1086 3702 ‘os
1105 3650 1166 3711 ἦν
1183 3634 1217 3701 ά
1235 3651 1457 3711 δηλωθεὶς
1476 3651 1591 3702 διδά-

523 3751 630 3794 uas,
652 3732 743 3791 τὴν
759 3730 924 3796 χροιὰν
943 3727 1151 3794 &epit-w.
1195 3728 1316 3780 Hoc
1340 3731 1455 3778 loco
1476 3743 1591 3778 cor·

526 3808 697 3870 ruptis
710 3807 878 3867 ,Plinii
900 3804 1167 3858 codicibus
1188 3818 1335 3853 usum
1357 3804 1591 3855 Solinum

492 3868 512 3891 ‘³
526 3882 808 3945 intelliges,
828 3880 918 3945 qui
942 3888 998 3930 et
1029 3894 1203 3929 ereum
1226 3880 1357 3944 legit
1379 3887 1436 3929 et
1458 3894 1589 3930 aere·

526 3971 613 4005 um
658 3958 984 4007 adamantem
1030 3963 1350 4006 commentus
1388 3963 1492 4020 est,
1533 3963 1592 4008 et

528 4032 758 4103 Cyprum
782 4046 878 4096 pro
900 4046 1082 4096 cupro,
1121 4032 1232 4081 sive
1254 4046 1349 4095 pro
1384 4046 1490 4081 aere
1512 4032 1589 4081 in·

528 4112 850 4169 terpretatus
887 4112 986 4156 est.
1020 4113 1036 4135 ‘
1060 4105 1310 4169 Tertius,’
1347 4106 1517 4171 inquit
1538 4121 1588 4156 c.

525 4184 611 4229 52.
648 4195 702 4243 p.
737 4185 819 4230 82.
860 4188 875 4209 ‘
899 4182 950 4230 in
983 4182 1125 4231 venis
1157 4182 1307 4244 cupri
1345 4190 1589 4248 apparet,

527 4258 740 4321 propior
757 4256 828 4305 ad
850 4270 1037 4305 aeream
1060 4254 1282 4308 faciem?
1334 4256 1589 4311 Similem·

1106 399 1327 453 No'rAE
1379 399 1470 447 ET
1524 397 1731 447 EMEN
1745 393 2032 444 DA'rloN
2045 393 2126 447 Es

1659 552 1759 604 que
1777 538 1931 589 aliurn
1949 536 2184 587 subtexit
2204 548 2451 590 errorem,
2466 545 2590 583 cum
2612 545 2732 581 enm

1660 626 1811 678 quem
1851 612 2053 662 Plinius
2090 610 2343 661 sideriten
2390 608 2551 669 dixit,
2593 607 2733 671 quod

1658 690 1818 740 ferrei
1841 690 1909 740 sit
1925 687 2132 748 coloris,
2155 689 2271 751 ipse
2295 686 2348 735 in
2366 684 2605 735 ferrariis
2623 680 2735 732 offi-

1660 766 1793 817 cinis
1808 764 1984 828 colligi
2007 763 2300 813 somniavit.
2331 762 2348 790 ‘
2363 758 2640 816 Quartus:
2656 759 2734 807 in·

1661 843 1793 907 quit,
1835 844 1851 871 ‘
1877 843 1930 892 in
1970 840 2196 890 metallis
2240 839 2474 889 ferrariis
2518 836 2737 900 legitur,

1662 917 1893 983 pondere
1915 923 2120 967 ceteros
2141 913 2500 973 antecedens‚'
2514 916 2621 965 διο.

1727 996 1808 1043 11.
1841 994 1976 1044 CAP-
2000 1005 2173 1043 xvm.
2208 990 2435 1041 Omnium
2450 989 2622 1038 luorum
2641 989 2734 1037 eli-

1661 1085 1851 1120 amnum
1871 1069 2064 1133 vitium,
2089 1070 2212 1132 quod
2229 1068 2375 1128 sellis
2402 1067 2628 1128 colorem,
2646 1070 2732 1114 usit

1641 1147 1775 1210 ‚aeris
1793 1146 1957 1210 kabel]
1990 1145 2146 1195 Prius
2168 1144 2460 1209 legebatur,
2476 1147 2565 1192 aut
2584 1142 2731 1192 u’eris.

1663 1223 1794 1272 Mss-
1816 1223 1949 1285 Reg·
1967 1225 2019 1271 2.
2040 1220 2193 1272 Colb.
2216 1224 2265 1269 3.
2321 1221 2460 1270 Fax.
2470 1217 2585 1280 alii,
2606 1219 2734 1268 ueris

1661 1299 1755 1348 olei
1789 1297 2056 1358 exhibent,
2082 1296 2242 1348 credo
2278 1296 2549 1346 mendose.
2597 1295 2732 1346 AEris

1662 1380 1806 1425 certe
1827 1374 1965 1425 colos
1987 1373 2125 1424 fellis
2143 1381 2223 1423 est
2241 1373 2401 1424 colori
2423 1370 2615 1422 affinis.
2664 1373 2732 1422 Et

1663 1449 1980 1501 Marbodens
2002 1449 2071 1500 de
2095 1448 2280 1513 Lapid.
2316 1450 2464 1498 Pret.
2489 1461 2541 1497 c.
2558 1451 2644 1498 ⁵4.
2665 1446 2732 1497 de

1662 1526 1983 1589 smaragdis:
2016 1526 2032 1555 ‘
2051 1524 2187 1576 Sunt
2207 1531 2264 1575 et
2288 1525 2376 1590 qui
2416 1524 2561 1573 venis
2588 1525 2732 1573 nasci

1665 1602 2009 1666 perhibentur
2051 1602 2105 1651 in
2143 1600 2286 1664 aeris,
2324 1601 2469 1653 Quos
2514 1600 2731 1649 maculis

1666 1678 1852 1728 vitiosa
1871 1683 2020 1728 notat
2053 1682 2243 1728 natura
2270 1673 2575 1738 smaragdi.’
2627 1676 2731 1724 Ru-

1665 1753 1851 1817 bigiuis
1895 1753 2014 1803 aeris
2051 1752 2248 1802 babere
2287 1750 2616 1800 viriditatem
2659 1751 2732 1801 sit

1663 1828 1913 1879 Albertns
1935 1828 2013 1878 M.
2037 1827 2103 1876 de
2123 1827 2367 1877 Mineral.
2385 1839 2451 1876 ιι.
2470 1830 2523 1876 2.
2543 1840 2597 1888 p.
2614 1830 2730 1878 237.

1663 1908 1680 1936 ‘
1704 1912 1761 1956 et
1784 1905 1940 1971 quiin
1964 1904 2111 1954 venis
2132 1904 2249 1953 oris
2286 1907 2595 1964 nascuntur,
2623 1914 2731 1950 ma-

1663 1984 1884 2046 culosos,
1894 1980 2028 2047 qnod
2042 1980 2386 2031 admixtus-am
2398 1979 2600 2031 babent
2613 1994 2732 2031 eum

1661 2059 1752 2109 illo
1773 2056 1982 2123 lapide!

1728 2140 1811 2186 12.
1844 2136 1983 2186 Cu.
2007 2148 2130 2185 xxi.
2162 2135 2324 2198 Atque
2356 2135 2411 2183 in
2439 2131 2736 2198 pretiosissi-

1662 2227 1846 2262 marum
1904 2227 2197 2275 gemmarum
2246 2210 2410 2273 gloria
2465 2211 2732 2275 coutposili,

1661 2289 1867 2337 maxime
1878 2288 2244 2338 inenarrabilem
2252 2288 2587 2353 difficultatem
2594 2288 2732 2336 deds-

1661 2363 1805 2426 τινα]
1842 2364 1927 2414 Sic
1964 2362 2185 2413 totidem
2222 2364 2458 2426 apicibus
2494 2363 2729 2426 syllabb·

1666 2452 1768 2503 que
1783 2439 1993 2490 codices
2009 2439 2135 2488 Mss.
2149 2452 2345 2502 omnes,
2360 2440 2497 2502 Reg.
2515 2443 2569 2489 2.
2583 2438 2732 2490 Colb.

1666 2518 1717 2564 3.
1753 2515 1976 2579 aliique:
2025 2528 2197 2579 neque
2238 2515 2516 2578 quicquam
2558 2521 2644 2564 est
2671 2527 2733 2564 es

1665 2591 1900 2641 oratione
1924 2590 2159 2652 planius=
2195 2589 2320 2639 nihil
2343 2596 2522 2639 tamen
2551 2589 2732 2640 obscu-

1667 2665 1791 2722 rius,
1829 2666 1874 2715 si
1907 2665 2065 2716 libros
2100 2666 2354 2716 hactenns
2389 2665 2638 2728 vulgatos
2659 2679 2733 2714 se·

1666 2753 1845 2804 quare,
1864 2742 1951 2806 qui
1973 2741 2148 2790 locum
2165 2741 2305 2790 hunc
2322 2740 2400 2789 sic
2416 2745 2732 2790 temeratum

1665 2817 1967 2881 prodigiose
2002 2815 2268 2867 referunt·
2322 2817 2487 2880 Atque
2525 2817 2635 2866 ideo
2665 2817 2735 2867 eis

1659 2894 2055 2954 pretiosissimam
2121 2894 2326 2954 glorium
2398 2894 2733 2955 eon-ponium

1659 2984 1972 3032 gaismarum,
2017 2975 2065 3019 el
2114 2970 2322 3020 maxime
2361 2969 2731 3020 inenarrabilem

1662 3046 1990 3111 difficultatem
2006 3047 2257 3096 dederint.

1732 3127 1812 3172 13.
1846 3123 1984 3173 ΟΑΡ.
2010 3136 2184 3173 xxm.
2235 3122 2421 3173 Rudiae
2456 3123 2637 3211 nigre,-
2647 3127 2727 3172 aul

1662 3199 1913 3248 coeraleum
1954 3198 2194 3261 insitante,
2229 3204 2278 3248 et
2313 3213 2473 3260 ungu
2513 3199 2729 3260 mm,

1663 3273 1897 3323 incretum
1916 3274 2119 3323 candore
2137 3274 2192 3323 in
2211 3274 2409 3323 minim
2429 3273 2731 3336 nme]

1666 3349 1862 3398 Locum
1896 3349 2030 3399 bunc
2058 3349 2461 3412 interpolatores
2497 3348 2737 3399 Pliniani

1665 3424 1717 3473 in
1739 3424 1887 3474 libris
1907 3424 2159 3475 hactenus
2171 3424 2330 3475 editis
2344 3424 2420 3474 sic
2441 3424 2728 3475 vitiarunt.
2713 3440 2727 3452 ·

1664 3505 1713 3549 et
1730 3514 1962 3562 unguem.-
1994 3501 2227 3551 creditum
2244 3501 2372 3551 enim
2398 3502 2606 3550 cadmo
2622 3502 2729 3564 pin-

1660 3578 1769 3640 gui,
1787 3580 1868 3641 qo.
1915 3577 2047 3642 Reg.
2067 3582 2118 3627 2.
2142 3577 2294 3628 Colb.
2316 3582 2364 3628 3.
2386 3578 2514 3627 Vet.
2536 3579 2727 3628 Dalee.

1663 3653 1964 3717 ceterique.
1997 3657 2048 3703 et
2075 3667 2234 3714 migne
2268 3653 2469 3702 udaium
2496 3654 2728 3703 creditas·

1663 3728 1882 3792 citudido,
1898 3729 1981 3790 ὅτ.
2029 3729 2142 3778 Nos
2167 3743 2198 3778 a
2219 3729 2347 3780 Mss.
2366 3728 2611 3779 codicum
2625 3728 2728 3779 fide

1663 3817 1767 3854 non
1789 3802 2119 3868 discedimus,
2153 3804 2253 3853 uisi
2292 3818 2395 3869 qua
2427 3805 2608 3854 vitiati
2628 3806 2725 3870 ipsi

1662 3882 1851 3933 merito
1866 3881 2009 3932 credi
2032 3888 2266 3946 possunt,
2286 3883 2616 3947 incraumque
2634 3898 2723 3948 pro

1662 3958 1842 4008 credito
1863 3958 2154 4022 scribimus,
2165 3965 2375 4009 auctore
2392 3958 2620 4017 Isidoro,
2634 3962 2720 4024 qni

1666 4033 1818 4097 Orig.
1841 4046 1960 4084 xvi.
1980 4038 2031 4085 8.
2049 4033 2117 4084 de
2151 4035 2496 4098 sardonyche,
2526 4050 2597 4084 ex
2631 4037 2722 4084 bec

1664 4108 1823 4158 Plinii
1860 4108 2146 4158 loco-baud
2181 4109 2338 4160 dubie
2359 4110 2628 4173 epitomen
2649 4109 2720 4159 fa·

1663 4183 1824 4246 ciens,
1838 4198 1904 4234 ex
1918 4184 2202 4235 sinceriore
2217 4186 2501 4248 exemplari
2520 4202 2536 4235 ε
2561 4187 2578 4214 ‘
2592 4187 2719 4235 Gon·

1662 4267 1767 4312 stat
1784 4261 1991 4325 autem:
2014 4261 2203 4328 inquit,
2218 4265 2234 4291 ‘
2249 4262 2411 4312 tribus
2429 4261 2715 4313 coloribus:
