3000 4917
542 350 716 418 4580

539 521 698 591 tus,c
739 510 1134 596 elegantiam
1179 511 1435 594 capilli,
1462 515 1884 576 venustatem
1934 510 2091 590 oris,
2122 512 2557 580 confessione
2588 520 2744 584 arti-

538 616 738 681 ficum
786 617 857 679 in
898 615 1096 680 -lineis
1142 615 1463 679 extremis
1524 614 1817 696 palmam
1877 614 2183 698 adeptus.
2290 617 2471 682 Haec
2521 625 2628 684 est
2675 622 2741 685 in

537 720 809 804 pictura
860 737 1121 781 summa
1167 711 1667 780 sublimitaS.¹³‘¹
1756 715 2063 799 Corpora
2114 717 2293 782 enim
2345 722 2624 804 pingere
2676 732 2746 787 et

537 821 778 891 media,
805 840 1045 897 rerum,
1071 825 1173 883 est
1202 818 1473 901 quidem
1519 818 1745 901 magni
1790 820 2054 901 operis:
2089 821 2226 891 ,sed
2273 822 2339 885 in
2369 842 2505 905 quo
2553 828 2744 891 multi

535 924 814 1007 gloriam
844 923 1143 987 tulerint.
1217 920 1536 985 Extrema
1564 939 1921 1003 corporum
1942 929 1964 957 ‘⁸
1992 920 2243 1001 facere,
2275 933 2343 989 et
2370 925 2743 994 desinentis

533 1028 816 1109 picturae
848 1025 1115 1089 modurn
1147 1023 1512 1098 includere,
1545 1041 1762 1097 rarum
1794 1024 1865 1087 in
1909 1044 2232 1090 successu
2276 1027 2445 1092 artis
2489 1031 2744 1096 inveni-

535 1127 662 1191 tur.
751 1126 1029 1191 Ambire
1072 1125 1244 1189 enim
1286 1123 1481 1188 debet
1526 1143 1600 1187 se
1650 1127 2045 1191 extremitas
2089 1127 2265 1211 ipsa,
2309 1139 2379 1195 et
2421 1132 2525 1196 sic
2571 1132 2742 1198 desi-

534 1248 712 1307 nere,
758 1234 830 1292 ut
874 1229 1214 1311 promittat
1257 1226 1391 1291 alia
1426 1231 1591 1308 post
1630 1233 1819 1290 sez¹4
1861 1228 2305 1314 ostendatque
2351 1233 2556 1299 etiam
2589 1256 2739 1318 quae

536 1326 856 1407 occultat.
948 1330 1146 1394 Hanc
1191 1330 1255 1393 ei
1299 1329 1572 1410 gloriam
1626 1349 2024 1415 concessere
2058 1329 2435 1417 Antigonus
2479 1345 2547 1413 et
2593 1339 2740 1407 Xe-

532 1442 864 1510 nocrateS,
887 1434 1005 1515 qui
1034 1433 1116 1497 de
1151 1431 1509 1496 Picturis¹⁵
1542 1434 1912 1515 scripsere:
1962 1436 2412 1517 praedicantes
2443 1455 2741 1525 quoque,

533 1554 664 1599 non
716 1536 929 1599 solum
991 1535 1400 1599 confitentes,
1492 1531 1668 1596 Alia·
1707 1535 1917 1599 multa
1966 1538 2309 1621 graphidis
2332 1539 2426 1580 ¹⁶¹²
2467 1545 2741 1626 vestigia

534 1646 774 1702 extant
824 1639 894 1702 in
941 1636 1196 1702 tabulis
1243 1656 1325 1700 ac
1373 1636 1773 1701 membranis
1815 1637 1990 1719 ejus,
2019 1659 2105 1703 ex
2138 1644 2380 1725 quibus
2409 1646 2738 1728 proficere

535 1740 839 1804 dicuntur
891 1738 1207 1803 artifices,
1300 1736 1523 1800 Minor
1574 1745 1845 1801 tamenss
1888 1741 2172 1818 videtur,
2221 1745 2352 1808 sibi
2391 1765 2741 1831 compara-

535 1849 672 1919 tuS,
722 1842 790 1905 in
839 1841 1078 1905 mediis
1111 1839 1507 1923 corporibus
1541 1841 2020 1923 exprimendis.
2113 1844 2348 1911 Pinxit
2380 1848 2620 1914 demon
2645 1858 2694 1900 ¹⁷
2718 1847 2741 1884 ²¹

1271 368 1336 415 G·
1380 365 1629 416 PLINII
1677 366 2009 417 SECUNDI

1458 1986 1821 2008 OOOOOOOOOOOO

537 2091 843 2155 vulgg.-13
879 2090 963 2139 Ita
987 2088 1136 2140 codd.
1162 2086 1421 2137 Harduini
1458 2093 1515 2136 et
1555 2087 1737 2138 Dalec.
1768 2104 1884 2138 cum
1921 2089 2043 2140 edd.
2080 2090 2340 2143 Harduin.
2366 2099 2413 2145 1.
2435 2099 2486 2144 2.
2512 2101 2562 2147 3.
2586 2106 2640 2146 et
2665 2114 2744 2148 re·

534 2165 700 2206 centt.
766 2156 1007 2205 subtilitas
1024 2154 1259 2204 Gronov.
1288 2159 1342 2201 et
1375 2153 1441 2202 al.
1466 2156 1723 2202 veta—14
1761 2155 1881 2203 Vet.
1903 2157 2089 2205 Dalec.
2121 2164 2401 2220 possa—15
2438 2162 2454 2189 ‘
2477 2158 2566 2211 Ita
2592 2165 2742 2213 codd.

534 2222 706 2285 Regg.
740 2226 789 2270 2.
813 2225 860 2270 3.
886 2228 940 2269 et
975 2220 1054 2268 Cl.
1089 2217 1326 2266 Duraud.
1394 2219 1551 2266 Teste
1586 2217 1825 2279 Diogene
1861 2219 2071 2269 Laertio
2103 2222 2154 2269 in
2194 2223 2510 2289 Chrysippo,
2545 2243 2600 2291 p.
2632 2233 2743 2277 209.

431 2317 443 2326 -
534 2287 640 2351 περὶ
662 2283 868 2334 πινάκων
889 2287 1168 2347 scripserat
1195 2280 1526 2345 Antigonus.’
1545 2282 1763 2330 Brotier.
1808 2286 1867 2331 de
1887 2285 2078 2346 pictura
2100 2287 2335 2337 Gronov.
2357 2292 2422 2338 ai.
2446 2299 2582 2341 vett.
2607 2293 2741 2341 Har-

535 2352 679 2400 duin.
709 2356 755 2400 1.
775 2357 824 2400 2.
848 2355 896 2399 3.
920 2357 974 2398 et
997 2353 1354 2398 recentt.-—16
1387 2345 1516 2394 Cod.
1543 2346 1728 2396 Dalec.
1754 2350 2071 2409 predicantes
2095 2367 2186 2401 non
2218 2353 2306 2401 hoc
2337 2357 2509 2418 solum,
2528 2359 2614 2406 sed
2636 2374 2740 2406 coa-

523 2417 721 2482 fitentes
742 2430 919 2480 quoque
940 2414 1036 2463 alia
1060 2414 1221 2463 multa.
1260 2411 1680 2475 Graphidis.-17
1715 2412 1899 2463 Pinxit
1919 2419 1968 2462 et
1996 2414 2084 2462 τὸν
2118 2418 2267 2478 δῆμον
2287 2433 2466 2482 margo
2488 2421 2613 2472 edd.
2637 2423 2741 2472 Da·

1531 2557 1749 2609 NOTAE

598 2671 620 2697 0
641 2661 878 2723 Argulias
895 2658 1075 2722 vultus]
1100 2658 1448 2719 Elegantiam,
1470 2655 1596 2715 vim,
1678 2626 2010 2710 extremitas*
2043 2662 2159 2725 ipsa
2225 2665 2482 2723 videatur,
2541 2668 2742 2733 aliaque

535 2738 783 2801 leporem,
828 2737 1067 2800 gratiam.
1150 2734 1351 2784 Plinius
1391 2746 1597 2782 xxxiv.
1679 2742 1796 2796 post
1828 2751 1885 2786 se
1922 2739 2246 2799 promittere.
2314 2741 2433 2792 Hoc
2455 2751 2560 2806 est,
2585 2752 2643 2793 ut
2666 2761 2743 2794 re-

535 2817 617 2861 19.
652 2813 719 2861 de
756 2814 1016 2876 Lysippo-x
1052 2811 1069 2839 ‘
1094 2811 1330 2874 Propriae
1353 2811 1499 2875 cujus
1521 2810 1594 2858 vi·

533 2888 725 2937 dentur
764 2903 876 2938 esse
913 2888 1130 2950 argntiae
1164 2901 1399 2950 operum,
1421 2892 1595 2935 custo-

535 2963 659 3013 ‹litae
695 2966 748 3014 in
781 2965 1007 3013 minimis
1032 2978 1234 3028 quoque
1259 2961 1442 3012 rebus?
1508 2962 1594 3010 Sic

533 3042 780 3104 Virgilius
827 3043 877 3091 in
938 3043 1132 3105 Geor-g.
1189 3041 1595 3104 ‘Argutumque

532 3120 729 3183 caput?
752 3120 940 3169 dixisse
967 3119 1308 3167 meminimus.
1346 3152 1352 3157 ·
1520 3135 1530 3149 κ

596 3196 621 3230 ¹¹
657 3197 852 3246 Summa
905 3195 1195 3256 sublimitas]
1254 3194 1341 3243 Ita
1376 3194 1507 3256 Reg.
1546 3196 1595 3243 2.

534 3272 682 3322 Colb.
703 3278 750 3322 3.
783 3273 1068 3335 ceterique.
1132 3272 1277 3319 Libri
1301 3270 1453 3325 editi,
1485 3269 1593 3319 sub·

531 3350 706 3398 tilitas.
776 3350 847 3399 Et
871 3349 1220 3401 Quintilianus
1242 3361 1344 3398 xn.
1368 3352 1445 3396 lo.
1476 3363 1592 3411 pag.

532 3429 645 3474 893.
697 3425 1065 3475 ‘existimasse
1109 3425 1348 3475 subtilius
1399 3425 1593 3475 lineas'

532 3500 863 3553 Parrhasium
916 3501 1103 3551 tradit:
1160 3507 1352 3557 tamen,
1398 3507 1594 3563 proeter

530 3577 659 3628 Mss.
679 3576 856 3635 tidem,
889 3578 1026 3642 qiiod
1065 3584 1312 3643 sequatur
1341 3577 1593 3641 proxime,

529 3661 602 3706 est
634 3655 819 3719 quidem
856 3656 1020 3718 magni
1053 3655 1226 3719 operis,
1259 3661 1316 3704 et
1345 3669 1511 3704 rarum
1540 3656 1595 3704 in

529 3747 745 3782 successu
778 3733 920 3798 artis,
962 3734 1122 3797 magis
1161 3732 1356 3783 arridet
1381 3731 1593 3782 sublimi-

530 3814 624 3858 tas.
1255 3830 1260 3834 ·

536 3915 547 3921 ν
595 3893 618 3918 e
651 3886 883 3935 Extrema
918 3886 1185 3951 corporum]
1217 3887 1426 3938 Summa
1454 3900 1592 3936 com-

530 3960 788 4009 mendatio
813 3963 1028 4024 picturae
1052 3970 1151 4022 est,
1192 3971 1250 4012 ut
1283 3976 1505 4026 corpora
1540 3963 1591 4011 iu

532 4034 724 4085 tabulae
749 4037 994 4086 extremis
1029 4038 1176 4087 lineis
1213 4046 1360 4088 tanta
1391 4038 1593 4087 subtili·

535 4116 647 4159 tate
685 4111 958 4175 praecidat,
995 4121 1051 4161 ut
1090 4129 1206 4163 cum
1252 4114 1490 4163 desinere
1529 4113 1599 4164 ibi

530 4202 717 4252 corpus
756 4189 924 4252 ipsum
964 4200 1163 4241 certum
1203 4193 1288 4249 sit,
1322 4194 1484 4242 visum
1510 4201 1591 4243 ta-

530 4278 651 4314 men
687 4265 892 4315 omnino
936 4264 1099 4325 fallat,
1138 4277 1193 4319 et
1236 4269 1432 4320 ambire
1471 4285 1587 4321 sese

1679 2826 1799 2862 vera
1835 2813 1885 2862 id
1921 2829 2112 2878 corpus
2151 2817 2392 2880 emineat,
2411 2824 2467 2868 et
2508 2823 2648 2884 quod
2688 2823 2742 2871 in

1678 2886 1953 2949 superficie
1998 2890 2201 2951 planum
2247 2900 2346 2950 est,
2386 2891 2513 2942 foris
2559 2903 2742 2946 extare

1676 2963 1931 3015 videatur.
1998 2966 2137 3016 Galli
2161 2975 2370 3029 vocant,
2391 2984 2483 3018 une
2510 2971 2742 3021 Peinture

1672 3042 1779 3090 bien
1800 3043 2040 3092 arrandie.
2106 3043 2204 3093 Lai
2226 3045 2406 3093 donner
2426 3048 2494 3094 du
2512 3047 2672 3107 relies,
2693 3053 2742 3097 et

1656 3116 1794 3175 faire
1814 3132 1903 3181 que
1924 3124 2028 3168 tout
2039 3120 2132 3169 soit
2153 3123 2366 3172 errandi.
2422 3121 2741 3188 Intellignnt

1674 3194 1872 3258 pariter
1903 3196 1941 3243 ii
1977 3195 2141 3244 lineas
2170 3197 2283 3246 illas
2318 3206 2582 3248 extremas
2609 3198 2741 3249 extiss

1674 3285 1904 3333 masque,
1940 3271 2126 3335 quibus
2162 3271 2373 3336 depicta
2406 3288 2629 3337 corpora
2667 3278 2738 3326 in-

1674 3348 1972 3398 cluduntur.

1736 3422 1755 3456 ¹
1787 3426 1903 3475 Alia
1938 3427 2087 3476 multa
2125 3427 2398 3491 graphidis]
2439 3427 2618 3491 Γραφὶς
2662 3436 2740 3479 est

1671 3500 1862 3564 pictura
1913 3503 2126 3558 linearis,
2190 3511 2246 3551 ut
2306 3504 2421 3566 jam
2491 3504 2738 3555 diximus.

1676 3578 1809 3627 Haec
1843 3578 2109 3641 graphidis
2146 3580 2485 3642 exemplaria,
2523 3583 2609 3630 des
2638 3585 2741 3631 des-

1672 3654 1820 3715 seins,
1852 3656 1937 3703 des
1959 3669 2178 3718 muyans,
2221 3656 2403 3718 vulgus
2427 3662 2621 3706 vocat:
2657 3670 2741 3708 ea·

1676 3730 1792 3780 dem
1817 3731 2099 3788 delineare,
2120 3732 2410 3793 desseigner.
2677 3770 2686 3781 .

1676 3830 1686 3839 -
1738 3816 1763 3850 s
1796 3808 1964 3857 Minor
1997 3809 2180 3873 tamen]
2209 3808 2527 3858 Graciliores
2549 3809 2738 3860 fecisse

1673 3884 1871 3933 medias
1908 3899 2182 3947 corporum
2221 3892 2401 3949 partes
2435 3885 2667 3948 videtur,
2696 3887 2736 3934 si

1674 3974 1789 4009 cum
1814 3959 2055 4009 universo
2095 3975 2318 4024 corpore
2340 3960 2736 4012 conferrentur:

1675 4042 1735 4085 ut
1755 4045 1937 4088 contra
1958 4037 2150 4085 Zeuxis
2172 4038 2223 4086 in
2243 4037 2525 4100 capitibus,
2562 4054 2736 4102 quem·

1671 4115 1943 4164 admodum
1969 4116 2164 4165 dictum
2188 4122 2270 4165 est
2289 4129 2470 4180 supra,
2495 4118 2735 4180 grandior

1670 4191 2036 4254 deprehensus.

1734 4268 1758 4301 ¹¹
1793 4269 1974 4320 Pinxit
2011 4271 2203 4335 demon]
2260 4272 2443 4336 Δῆμον,
2488 4273 2610 4324 hoc*
2632 4278 2735 4334 est,-
