3000 4917
577 1026 1140 1151 INDEX
1284 1051 2234 1164 AUCTORUM

686 1348 824 1400 om
858 1351 1002 1402 vm.
1034 1352 1119 1403 m
1154 1353 1417 1407 mmor:
1448 1357 1592 1407 vm,
1622 1335 1825 1410 ‘roro’
1854 1359 2099 1411 omme

848 1538 851 1543 .
927 1494 1270 1548 A1PL1N10
1303 1497 1855 1552 APPELLANTUR.

1285 1959 1422 2007 ·A.

292 2042 539 2129 Accius,
574 2071 706 2139 sive,
739 2078 798 2123 ut
831 2073 919 2123 alii
953 2073 1169 2134 malunt,
1200 2072 1401 2122 Attius.-
1437 2077 1708 2136 utramque
1741 2071 2050 2137 scripturam
2085 2073 2379 2137 approbant
2412 2073 2489 2122 iu·

290 2153 605 2216 scriptiones
648 2158 854 2203 veteres
889 2153 1027 2217 apud
1067 2154 1370 2203 Gruterum.
1433 2152 1751 2202 Praenomen
1787 2153 1838 2202 ei
1877 2152 2069 2203 Lucius
2105 2152 2225 2203 fuit.
2290 2153 2494 2203 Floruit

292 2232 509 2296 Olymp-
530 2245 659 2283 αι.
684 2247 819 2283 anuo
840 2234 907 2283 U.
930 2234 990 2283 C.
1015 2247 1187 2284 mxv·
1208 2232 1335 2283 belii
1370 2233 1674 2283 Numantini
1703 2233 2042 2296 temporibus.
2104 2233 2492 2297 Tragediarum

292 2312 522 2375 scriptor
556 2311 694 2361 baud
737 2312 998 2377 ignobilis.
1062 2313 1296 2363 Pacuvio
1328 2313 1459 2374 seui,
1492 2312 1607 2376 ipse
1642 2317 1726 2362 50.
1759 2313 1907 2362 annis
1938 2313 2138 2377 junior,
2160 2328 2254 2362 sua
2287 2313 2491 2375 scripta

292 2391 513 2442 Tarenti
538 2392 794 2444 recitavit.
861 2392 1126 2444 Laudatur
1148 2392 1339 2444 Accius
1363 2393 1414 2443 in
1436 2393 1780 2457 Pragmaticis
1804 2410 1835 2443 a
1866 2393 2041 2444 Gellio
2062 2407 2165 2444 xx.
2189 2398 2237 2444 8.
2271 2407 2323 2457 p.
2347 2395 2493 2443 1110.

292 2471 433 2534 quod
460 2486 590 2537 opus
612 2473 739 2523 iliud
761 2474 928 2537 ipsum
952 2480 1052 2536 est,
1087 2473 1223 2538 quod
1260 2488 1291 2523 a
1313 2473 1485 2523 Plinio
1507 2473 1841 2523 Praxidicum
1865 2473 2173 2538 appellatur,
2194 2476 2303 2521 tum
2326 2470 2379 2520 in
2400 2470 2491 2520 In·

291 2551 411 2600 dice
429 2552 520 2601 lib.
545 2567 713 2604 xvm.
739 2563 849 2604 tum
889 2567 1007 2617 cap.
1037 2558 1120 2602 55.
1154 2552 1383 2617 ejusdem
1421 2552 1561 2603 libri.
1624 2552 1851 2616 Scripsit
1891 2561 1948 2602 et
1976 2552 2208 2602 Annales
2240 2551 2491 2606 carmine..

292 2645 508 2695 quorum
531 2633 827 2684 Macrobius
851 2634 1086 2684 meminit
1107 2628 1316 2684 Saturn‘.
1339 2638 1448 2684 ι.7.
1471 2649 1524 2701 p.
1544 2637 1662 2685 221.
1718 2633 1918 2683 Horum
1938 2632 2124 2683 librum
2148 2643 2335 2682 xxvu.
2359 2630 2492 2681 citat

295 2713 502 2775 Festus,
523 2714 681 2763 verbo
702 2713 719 2741 ‘
741 2714 978 2764 Metelli?
1114 2704 1122 2714 ⁶

359 2793 536 2844 Accius
558 2795 780 2845 Plautus.
841 2794 979 2845 vioe
1002 2796 1226 2846 Plautus.

361 2877 489 2924 Acta
515 2874 892 2938 ΊΗιιηιΡΙιοτ-ιιω.
957 2875 1217 2926 Videntur
1240 2888 1351 2925 esse
1372 2889 1451 2924 eae
1473 2874 1684 2924 Tabuloe
1708 2875 2017 2926 Consulares
2039 2880 2096 2925 et
2113 2872 2493 2936 Triumphales,

296 2969 514 3019 quarum
535 2953 828 3019 fragmenta
849 2963 1036 3006 extant
1057 2957 1192 3019 apud
1229 2955 1558 3020 Onupbrium
1590 2955 1917 3006 Panvinium.
1982 2954 2267 3005 Auctorem
2288 2952 2495 3001 iliarum

292 3043 419 3084 sunt
448 3036 535 3102 qui
570 3036 809 3086 Verrium
849 3036 1091 3087 Flaccum
1126 3041 1336 3100 putent,
1374 3034 1440 3085 de
1478 3048 1583 3099 quo
1614 3048 1708 3084 nos
1747 3032 1995 3107 inferius:
2041 3032 2143 3083 etsi
2174 3031 2264 3080 iile
2297 3026 2496 3079 Tiberii
2565 3094 2570 3103 ἡ

293 3115 588 3179 principatu
610 3116 757 3166 obiit.

298 3230 301 3233 -
361 3195 490 3253 Acta
509 3196 686 3260 Populi
707 3196 849 3246 Rom·
914 3196 1029 3247 Lib.
1052 3209 1176 3246 vm.
1201 3209 1319 3259 cap.
1340 3198 1424 3244 61.
1473 3195 1613 3244 Acta
1630 3193 1855 3243 Senatus
1876 3190 2054 3242 laudat
2076 3189 2284 3240 Sueton.
2307 3188 2362 3239 iu
2385 3186 2493 3237 Au-

296 3282 471 3343 guste,
487 3291 535 3326 c.
556 3282 605 3326 5.
637 3275 776 3327 Acta
797 3275 1023 3340 publiea,
1046 3277 1099 3326 in
1121 3270 1375 3339 Caligula,
1390 3289 1438 3326 c.
1462 3279 1511 3324 8.

361 3357 490 3405 Acta
511 3361 771 3421 temporam
793 3357 1023 3419 Augusti.
1090 3356 1201 3406 Lib.
1220 3368 1323 3405 vu.
1345 3367 1465 3417 cap.
1483 3356 1567 3403 11.

296 3476 303 3483 .
362 3438 697 3487 Adimantum.-
734 3436 1032 3499 Ἀδείμαντος
1049 3434 1293 3487 Straboni
1312 3435 1403 3484 lib.
1426 3447 1567 3486 1111..
1580 3448 1631 3498 p.
1652 3436 1768 3483 689.
1830 3432 2015 3483 Patria
2032 3431 2428 3494 Lampsacenus.

361 3519 525 3570 AElius
547 3519 692 3570 Stilo.
756 3518 1035 3569 Hominem
1075 3517 1303 3571 doctum,
1345 3524 1404 3566 et
1439 3515 1692 3565 Varronis
1733 3513 2047 3577 Magistrum
2089 3510 2320 3575 appellat
2357 3511 2493 3560 bunc

296 3601 501 3652 Gellius
523 3613 639 3650 xvi.
663 3603 711 3649 8.
736 3614 788 3664 p.
808 3603 923 3649 888.
948 3607 1002 3648 et
1026 3597 1292 3661 Sosipater
1310 3596 1405 3648 iib.
1427 3609 1467 3645 1.
1493 3611 1544 3660 p.
1564 3601 1646 3647 64.
1710 3596 1840 3644 Eum
1872 3593 2058 3643 Cicero
2081 3591 2381 3642 adolescens
2404 3604 2493 3638 au·

297 3682 445 3734 divit.
513 3682 824 3731 Praenomen
861 3677 914 3730 ei
951 3680 1141 3730 Lucius
1170 3680 1304 3729 fuit=
1338 3690 1625 3741 cognomen
1661 3675 1872 3738 duplex,
1895 3680 2031 3723 teste
2061 3670 2311 3721 Suetonio
2333 3669 2399 3720 de
2422 3668 2491 3717 11-

297 3767 446 3814 lustr.
469 3763 700 3812 Gramm.
723 3775 772 3812 c.
794 3765 844 3810 8.
866 3774 920 3824 p.
942 3764 1057 3823 119.
1089 3761 1227 3810 Nam
1249 3768 1305 3810 et
1327 3758 1682 3813 Praeconinus,
1706 3754 1843 3819 quod
1865 3761 2020 3816 pater
2033 3751 2155 3813 eius
2175 3748 2493 3813 pra-,conium

295 3841 510 3898 fecerat,
526 3842 620 3891 boc
640 3847 738 3905 est,
760 3853 931 3904 praeco
944 3839 1138 3904 fuerat,
1161 3839 1473 3889 vocabatur:
1510 3844 1567 3887 et
1584 3836 1718 3885 Stilo
1739 3834 1848 3882 sive
1865 3832 2032 3896 Stylo,
2054 3829 2193 3894 quod
2211 3828 2493 3878 Orationes

298 3923 619 3973 nobilissimo
640 3923 831 3986 cuique
854 3919 1085 3969 scribere
1108 3918 1325 3969 solebat.
1390 3915 1635 3967 Meminit
1664 3915 1933 3975 utriusque
1956 3908 2274 3974 cognominis
2295 3908 2493 3958 Plinius

298 4017 511 4053 xxxin.
530 4007 582 4051 6.
618 4002 817 4051 Passim
839 4017 870 4051 a
894 4001 1052 4050 Festo
1074 4001 1282 4050 citatur.

328 4079 331 4082 ’
365 4085 542 4134 AElius.
582 4082 672 4131 21n
696 4082 878 4132 Indice
899 4082 989 4131 lib.
1014 4094 1132 4130 xrv,
1159 4087 1215 4129 et
1247 4093 1342 4129 xv.
1378 4085 1433 4127 et
1467 4090 1589 4126 xiv.
1626 4078 1706 4125 16.
1741 4080 1847 4123 tres
1881 4069 2245 4123 Juriscousuiti
2280 4070 2430 4120 simul
2464 4085 2496 4120 a

297 4164 467 4213 Plinio
492 4169 861 4220 memorantur,
881 4161 1129 4225 Seoevoia,
1153 4158 1334 4216 AEiius,
1359 4157 1570 4208 Atteius
1595 4154 1810 4218 Capito:
1846 4165 2061 4217 quorum
2088 4148 2320 4199 meminit
2337 4150 2492 4199 Pom-

296 4245 502 4310 penius,
527 4243 646 4308 Dig.
683 4256 723 4293 ι.
757 4242 841 4293 tit.
882 4244 947 4292 de
986 4241 1203 4306 Origine
1239 4239 1403 4292 Juris.
1470 4237 1663 4287 Sextus
1688 4233 1849 4285 AEiius
1871 4232 1953 4283 hic
1979 4235 2208 4281 vocatur.
2274 4229 2494 4293 Scripsit
