3000 4917
521 374 697 442 4516
1256 392 1320 440 c.
1369 391 1608 440 remu
1655 388 1985 441 secuntur

523 556 681 620 quse
712 554 849 600 non
873 529 1264 616 alligantur:
1293 536 1409 598 sed
1441 530 1652 600 illita*
1698 536 1785 600 ad
1814 536 2192 601 cicatricem
2221 534 2623 619 perducunt,
2646 530 2718 599 in

523 638 768 703 teneris
820 637 1215 719 corporibus
1257 636 1802 718 mollissimisque
1855 637 2181 719 partibus.
2282 637 2715 719 Compositio

524 739 677 821 ejus
701 743 802 802 est
829 737 1018 803 libris
1048 738 1307 815 tribus,⁵
1336 746 1406 801 et
1432 756 1604 800 ceree
1629 737 1800 801 libra
1833 757 1989 816 uua,
2010 740 2139 803 olei
2158 739 2379 803 tribus
2408 737 2718 814 heminis,

526 839 708 923 quod
749 840 818 903 in
846 839 1039 902 senili
1067 858 1350 921 corpore
1390 858 1541 903 cum
1582 838 1871 904 fracibus
1900 839 2188 905 additur.
2275 839 2721 922 Temperatur

525 946 604 1005 et·
626 961 777 1006 cum
821 960 1088 1022 spuma¹
1116 941 1396 1021 argenti,
1429 947 1500 1003 et
1551 941 1768 1009 scoria
1799 942 2080 1024 plumbi,
2113 943 2203 1007 ad
2245 940 2721 1025 dysenteriam,

522 1048 591 1108 et
620 1052 1017 1118 tenesmum,
1046 1041 1334 1106 fovendo
1371 1041 1647 1107 calida.⁶
1665 1050 1706 1079 ¹¹¹

617 1162 767 1208 mv.
853 1143 1418 1226 Psimmythium¹¹
1462 1164 1760 1227 quoque,
1790 1145 1919 1209 boc
1949 1150 2074 1222 est,
2102 1164 2461 1220 cerussam,
2500 1144 2720 1226 plum-

523 1246 731 1311 bariae
786 1246 948 1311 dant
970 1254 989 1284 ¹
1038 1245 1342 1311 officinae.
1450 1246 2058 1313 Laudatissimum⁰
2100 1248 2171 1310 in
2225 1246 2494 1309 Rhodo.
2605 1242 2722 1307 Fit

523 1357 743 1412 autem
769 1349 1083 1412 ramentis
1106 1356 1134 1396 Ρ
1178 1348 1433 1431 plumbi
1466 1350 1877 1413 tenuissimis
1901 1368 2107 1431 super
2131 1368 2256 1412 vas
2287 1347 2465 1412 aceti
2489 1361 2722 1428 asper-

522 1450 667 1513 rimi
697 1450 1060 1531 impositiS,
1093 1454 1296 1532 atque
1328 1451 1426 1513 ita
1455 1449 1981 1514 destillantibus.
2072 1449 2274 1526 Quod
2310 1469 2395 1512 ex
2427 1467 2511 1512 eo
2543 1446 2723 1511 ceci-

522 1551 625 1617 dit
653 1554 719 1615 in
747 1552 968 1634 ipsum
1000 1555 1282 1627 acetum,
1314 1550 1677 1618 arefactum
1707 1552 1979 1617 molitur
2011 1560 2080 1614 et
2109 1550 2425 1626 cibratur,
2455 1549 2720 1614 iterum-

523 1673 653 1735 que
691 1658 889 1719 aceto
915 1653 1129 1716 mixto
1157 1655 1224 1716 in
1253 1653 1565 1735 pastillos
1596 1653 1939 1729 dividitur,
1992 1658 2061 1717 et
2101 1654 2170 1716 in
2224 1651 2379 1716 Sole
2424 1652 2723 1714 siccatur

524 1760 779 1819 aestate.
868 1753 983 1815 Fit
1012 1760 1081 1819 et
1108 1753 1239 1816 alio
1269 1753 1469 1816 modo
1496 1775 1511 1815 z
1559 1753 1793 1817 addito
1826 1754 1895 1816 in
1925 1772 2165 1818 urceos
2194 1754 2373 1818 aceti
2415 1751 2721 1835 plumbo,

524 1856 873 1920 obturatos
903 1873 1019 1936 per
1042 1854 1205 1917 dies
1230 1854 1486 1930 decem,
1514 1855 1932 1938 derasoqueq
1975 1875 2102 1919 ceu
2151 1857 2310 1932 situ,
2365 1873 2447 1918 ac
2492 1868 2719 1916 rursus

1428 2067 1794 2088 ‘NONWOO

518 2202 704 2252 Dalec.
769 2202 916 2263 Μοκ,
950 2204 1013 2250 ud
1033 2201 1250 2251 lenienda
1271 2216 1326 2250 uc
1348 2202 1681 2263 refrigeranda
1715 2205 1872 2253 ulcera
1895 2203 2010 2252 cod.
2043 2201 2227 2251 Dalec.
2228 2205 2323 2247 —5
2374 2198 2500 2247 Vet.
2536 2196 2722 2246 Dalec.

516 2273 592 2323 est
621 2282 685 2319 ex
710 2266 813 2327 dus
847 2238 985 2314 lissris
1017 2266 1188 2314 tribus.
1191 2271 1289 2315 -6
1321 2268 1337 2296 ⁴
1361 2267 1424 2315 In
1461 2266 1615 2316 codd.
1646 2268 1811 2330 Regg.
1844 2274 1901 2316 et
1939 2268 2186 2316 Editioue
2222 2262 2478 2326 principe,
2514 2261 2723 2321 fovenda

516 2330 690 2445 ‹gledtm
758 2330 911 2382 Quod
938 2344 1035 2379 uec
1067 2331 1200 2379 male
1239 2336 1340 2380 est.
1409 2324 1595 2381 Calida
1627 2333 1764 2381 enim
1788 2301 1948 2382 debet
1981 2346 2114 2394 esse,
2149 2337 2206 2378 ut
2242 2327 2483 2377 foveatur
2505 2322 2723 2376 venterss

577 2411 632 2445 ro
655 2409 745 2444 ter.

1518 2537 1567 2587 N
1575 2536 1732 2587 OTAE

518 2684 657 2730 τερον
677 2666 798 2726 αὕτη
833 2665 912 2715 καὶ
946 2668 1051 2716 ταῖς
1084 2669 1301 2730 λιπαραῖς
1322 2666 1399 2717 καὶ
1421 2666 1577 2717 ἄνετε·
1665 2675 1767 2717 tur.

518 2743 700 2798 δέκτοω
716 2741 1038 2805 ἐμπλάστροις
1052 2743 1311 2805 χρησίμως.
1343 2744 1473 2795 Sunt
1492 2745 1581 2808 qui
1727 2750 1754 2784 P
1789 2742 1877 2795 Fit
1904 2747 2062 2791 autem
2099 2739 2353 2801 ramum]
2406 2739 2662 2791 Bracteas
2693 2751 2723 2785 e

516 2820 696 2883 legant
717 2817 1057 2879 ἆνεπιδήκτοις,
1082 2819 1349 2881 emplastris
1367 2835 1473 2882 quoe
1491 2835 1582 2869 mm
1643 2818 1877 2882 'plumbo
1908 2823 2142 2865 ramenta
2177 2821 2346 2864 vocat.
2412 2814 2601 2867 Diosc.
2622 2813 2723 2862 loc.

519 2896 769 2943 mordmt:
824 2900 982 2956 atque
1023 2895 1097 2943 ita
1142 2908 1264 2942 sane
1308 2894 1582 2943 Oribasins
1662 2894 1755 2943 cit.
1788 2889 2068 2952 μολιβδίνην
2093 2889 2307 2952 πλίνθον,
2341 2903 2544 2942 manum
2570 2890 2725 2951 plam-

519 2970 623 3017 loc·
645 2969 736 3018 cit.
779 2968 961 3016 Celsus
984 2983 1189 3032 quoque
1212 2983 1266 3019 v.
1292 2973 1371 3019 19.
1397 2970 1448 3018 iu
1473 2984 1580 3019 em·
1660 2968 1808 3019 beam.
1857 2966 2102 3032 Agricola
2136 2967 2319 3017 Fossil.
2355 2967 2390 3014 l.
2415 2978 2497 3015 rx.
2534 2981 2588 3028 p.
2613 2967 2726 3013 35⁷.

520 3043 717 3106 plastra
746 3043 904 3098 lenia,
937 3057 1029 3091 seu
1071 3044 1280 3106 liparas,
1305 3045 1487 3107 plumbi
1506 3060 1581 3094 re·
1661 3045 1927 3109 plumbum
1966 3044 2261 3107 dilatatum,
2295 3043 2370 3092 sic
2396 3049 2452 3092 ut
2476 3042 2726 3107 quaelibet

518 3123 805 3167 armatum
844 3119 1070 3181 asciscit,
1098 3134 1250 3183 quam
1276 3120 1477 3185 σκωρίαν
1496 3139 1580 3181 μο-
1662 3122 1874 3171 bractea
1893 3120 2065 3184 pondo
2082 3120 2149 3170 sit
2168 3120 2314 3169 nnius
2333 3119 2495 3168 librae.
2532 3118 2726 3167 Cetero

519 3192 701 3250 λόβδου
721 3193 900 3243 Graeci
927 3202 1132 3243 vocant.
1661 3198 1777 3247 baee
1802 3197 2022 3255 totidem
2046 3197 2222 3246 verbis
2238 3196 2426 3245 Diosc.
2449 3196 2552 3243 loc.
2577 3193 2670 3244 cit.

586 3268 603 3302 ¹
631 3267 729 3318 Sed
747 3269 899 3331 illita]
950 3269 1129 3320 Diosc.
1164 3277 1217 3320 et
1244 3271 1453 3321 Oribas.
1485 3273 1586 3321 loc.
1674 3280 1679 3285 ’
1729 3281 1755 3316 (ι
1789 3271 2087 3336 Deumque]
2118 3271 2365 3335 Agricola
2400 3270 2505 3318 loc.
2536 3270 2634 3318 eit.
2672 3283 2725 3332 p.

520 3342 617 3392 cit.
1665 3353 1780 3398 358.
1857 3349 1962 3401 Qui
1999 3348 2192 3398 radunt
2229 3347 2491 3408 bracteas,
2524 3344 2726 3395 decime

585 3423 623 3450 ¹¹¹
658 3417 878 3467 Fovende
907 3417 1085 3481 cauda]
1140 3418 1229 3468 Ita
1266 3426 1323 3469 ut
1345 3419 1587 3470 foveatur
1665 3440 1869 3491 quoque
1917 3426 2003 3474 die
2048 3430 2281 3473 reserant
2324 3420 2728 3483 dolium,....si

520 3491 733 3542 interim
759 3498 945 3545 venter
963 3509 1054 3543 seu
1074 3496 1329 3547 abdomen
1352 3497 1540 3547 calida.
1664 3501 1894 3551 viderim
1930 3502 2170 3551 bracteas
2208 3501 2257 3549 vi
2298 3497 2435 3548 sceti
2473 3511 2579 3545 non
2616 3509 2728 3545 esse

587 3575 613 3601 Β
648 3568 1039 3633 Psimmythium]
1069 3568 1328 3632 Ψιμμύθιον
1364 3571 1582 3621 Diosco-
1666 3583 1978 3633 consumtas,
2016 3575 2189 3624 denuo
2227 3575 2417 3623 dolium
2461 3571 2730 3634 claudunt,

522 3648 624 3697 ridi
647 3662 701 3699 v.
725 3652 838 3701 10⁸.
894 3650 1124 3714 Nostris,
1160 3654 1218 3701 de
1252 3653 1587 3708 lacer-asach
1665 3652 1821 3718 idque
1866 3650 2064 3701 faciunt
2116 3664 2281 3712 usque
2329 3649 2451 3699 dum
2496 3649 2728 3698 bractea,

463 3740 466 3741 ⁷
523 3725 658 3774 blanc
673 3724 965 3788 d'Eepugne,
987 3728 1054 3775 du
1074 3727 1208 3776 blan
1227 3728 1285 3776 de
1299 3728 1467 3790 plomb.
1667 3737 1793 3779 totae
1816 3728 2151 3791 dissipentur.
2202 3727 2333 3775 Tum
2356 3726 2527 3790 liquor
2552 3740 2732 3789 purus,

588 3808 613 3834 ⁰
645 3800 1077 3863 Laudatissimum]
1131 3803 1303 3851 Diosc.
1346 3802 1450 3852 loc.
1492 3804 1585 3852 cit.
1669 3807 1756 3870 qui
1780 3811 2108 3869 supernatat,
2144 3804 2374 3852 colatur:
2413 3801 2729 3863 glutinosum

526 3873 806 3924 Κάλλιον-ον
826 3874 1103 3949 &emm-4011
1116 3877 1176 3926 τὸ
1211 3880 1264 3927 ἐν
1286 3877 1430 3940 Ῥόδῳ
1448 3895 1585 3929 σκευ·
1670 3897 1814 3939 vero,
1837 3880 1974 3946 quod
2007 3881 2060 3928 in
2098 3878 2224 3928 dolii
2253 3876 2416 3926 fundo
2438 3876 2657 3933 residet,
2680 3878 2729 3925 iu

526 3949 687 4009 ασθέν,
715 3951 747 4010 ἢ
781 3952 833 3999 ἐν
868 3952 1085 4017 Κορίνθῳ,
1123 3955 1155 4012 ἣ
1189 3957 1239 4004 ἑν
1259 3955 1586 4017 Λακεδαίμονι·
1672 3958 1811 4009 aliud
1852 3972 1943 4007 vas
1982 3954 2292 4007 transfusum
2322 3954 2375 4002 in
2409 3953 2534 4001 Sole
2572 3953 2734 4002 sicca·

524 4027 786 4090 δσυτορεύοι
805 4027 857 4078 δὲ
878 4029 938 4078 τὸ
954 4031 1347 4096 ἐκΔικωαρχίας,
1364 4037 1586 4098 proxima
1669 4043 1786 4084 tur:
1824 4034 1946 4082 dein
1981 4033 2119 4082 mola
2151 4030 2621 4092 trusatiliteritur,
2645 4035 2731 4078 aut

525 4120 633 4168 qm
673 4106 903 4155 Puteolis.
957 4109 1163 4158 Nostris
1191 4111 1511 4174 temporibus
1534 4112 1583 4161 in
1669 4111 1771 4159 alio
1801 4110 1964 4159 modo
1999 4107 2382 4167 comminuitur,
2413 4113 2603 4169 postea
2636 4106 2731 4155 cri·

425 4180 434 4186 “
528 4183 767 4233 omuibus
791 4182 1015 4247 Europae
1052 4187 1347 4251 regionibus
1378 4187 1587 4238 confici-
1673 4188 1867 4236 bratur.
