3000 4917
510 375 687 446 m
1393 419 1400 426 -
1481 389 1729 438 tunnx

515 534 731 602 Valgius
754 534 922 587 Rufus
943 531 1230 598 inscripsit,
1263 534 1280 563 ⁶
1302 532 1386 582 De
1410 530 1588 582 Rebus
1626 546 1720 596 per
1753 531 2047 595 Epistoiam
2084 532 2375 588 Quaesitis?
2436 534 2701 606 Laudatur

515 633 549 668 a
565 618 740 668 Plinio
757 627 895 668 xxv.
911 621 964 667 2.
997 615 1237 667 volumen
1259 615 1376 688 ejus
1411 612 1797 678 imperfectum,
1819 614 1958 678 quod
1993 613 2060 663 ad
2097 613 2394 678 Augustum
2417 616 2708 682 scripserat,

518 697 587 750 de
605 699 898 749 Herbarum
920 699 1054 748 Usu.
1123 695 1366 745 Meminit
1387 695 1563 758 Valgii
1589 696 1793 757 Festus,
1817 688 1976 745 serbo
2008 695 2024 722 ‘
2042 691 2243 745 Secusl'
2308 696 2463 746 Inter
2499 696 2707 763 scripto·

519 793 604 830 res
627 779 760 829 haud
783 779 1037 843 ignobiles
1059 778 1328 842 reponitur
1343 792 1376 826 a
1395 776 1598 826 Seneca
1623 778 1723 840 Ep.
1739 790 1811 825 m.
1835 791 1889 840 p.
1907 779 2024 827 26⁸.

596 863 768 912 Varro.
831 862 1183 910 Romanorum
1218 857 1445 908 emnium
1482 856 1815 907 doctissimus
1847 864 1904 907 et
1937 860 2373 923 πολυγραφώτατος
2415 858 2496 908 Μ.
2534 858 2706 909 Varro.

522 945 731 996 Praeter
751 931 912 994 libros
935 942 1001 1008 de
1024 942 1101 991 Re
1122 940 1362 999 Rustica,
1379 945 1439 988 et
1460 938 1529 987 de
1551 939 1752 1002 Lingua
1773 938 1981 1002 Latina,
2002 939 2087 1001 qui
2110 938 2178 988 ad
2204 953 2314 995 nos,
2329 939 2709 1012 cujusquemodi

524 1032 663 1086 sunt,
682 1028 1055 1088 pervenerunt,
1075 1020 1288 1084 scripsit
1321 1018 1558 1083 inprimis
1582 1017 1969 1084 Antiquitatum
1989 1019 2152 1070 libros
2180 1033 2293 1071 xm.
2328 1031 2496 1084 opere
2526 1020 2578 1068 in
2616 1019 2709 1069 dno

524 1104 786 1156 volumina
801 1085 1088 1168 bipertito:
1121 1114 1338 1167 quorum
1356 1100 1576 1149 aiterum
1611 1100 1916 1164 inscriptum
1936 1097 2037 1150 fuit
2062 1101 2218 1150 titulo
2241 1102 2436 1150 Rerum
2459 1101 2711 1150 Humana-

522 1201 659 1250 rum,
682 1186 820 1251 quod
860 1184 1062 1235 Plinius
1085 1190 1141 1233 et
1158 1182 1459 1236 Priscianus
1479 1182 1572 1230 lib·
1594 1194 1651 1231 x.
1672 1197 1727 1246 p.
1748 1185 1861 1231 894.
1897 1181 2166 1246 appellant
2189 1182 2554 1249 Humanarum
2571 1180 2713 1231 Anti·

525 1267 815 1344 quitatum3
871 1267 1094 1316 alterum
1133 1266 1195 1315 C.
1238 1264 1435 1315 Caesari
1477 1261 1727 1327 dicatum,
1765 1263 1955 1313 Rerum
2002 1259 2331 1314 Divinarum.
2414 1262 2709 1314 Ciceronem

523 1349 778 1399 decennio
803 1346 919 1397 fere
942 1346 1242 1397 antecessit.
1306 1343 1594 1408 Scripsisse
1633 1344 1792 1393 etiam
1829 1344 1896 1393 de
1933 1343 2111 1393 Rebus
2145 1342 2511 1407 Admirandis,
2542 1350 2713 1394 auctor

525 1435 606 1479 est
629 1429 899 1479 Noniusc.
920 1432 969 1479 3.
990 1443 1044 1478 n.
1069 1419 1183 1477 177
1253 1426 1434 1477 Libros
1458 1424 1867 1488 Disciplinarum
1892 1425 2071 1475 laudat
2094 1425 2161 1475 Α.
2192 1425 2414 1482 Gellius,
2440 1438 2614 1475 xvru.
2641 1428 2713 1474 15

526 1523 582 1574 p.
606 1514 752 1560 106⁰.
816 1508 923 1560 Sed
944 1510 1013 1559 de
1042 1509 1253 1572 scriptis
1272 1507 1524 1568 Varronis
1546 1495 1754 1564 uberius
1775 1507 1889 1571 egit
1920 1505 2183 1557 Ausonius
2203 1507 2427 1572 Popma,
2469 1507 2524 1556 iu
2547 1504 2712 1556 libello

525 1603 677 1657 quem
694 1590 977 1654 inscripsit,
1009 1589 1370 1640 ‘Bibliotheca
1386 1586 1748 1637 Varronianass
2694 1635 2700 1640 ,

599 1672 753 1722 Varro
774 1671 1030 1721 Atacinus.
1097 1672 1183 1720 De
1214 1683 1277 1719 eo
1290 1670 1609 1733 Hieronym.
1629 1668 1682 1718 in
1706 1669 1898 1720 Chrou.
1918 1668 2132 1719 Eusebii
2163 1641 2229 1718 ad
2260 1670 2480 1734 olymp.
2505 1637 2698 1718 174.ιιι
2641 1683 2716 1718 ιιι.

525 1757 577 1806 8·
605 1753 621 1781 ⁸
639 1753 702 1802 P.
723 1749 998 1801 Terentius
1016 1751 1186 1801 Varro
1217 1750 1330 1800 vico
1353 1749 1601 1802 Atacem
1625 1750 1893 1814 provincia
1914 1749 2246 1802 Narbonensi
2266 1750 2527 1801 nascitur.
2531 1748 2548 1770 '
2602 1750 2713 1800 Non

529 1848 562 1882 a
586 1832 717 1897 vico,
741 1839 801 1883 ut
823 1830 1031 1896 putavit
1068 1829 1340 1893 Eusebius,
1379 1828 1470 1879 sed
1513 1830 1583 1879 ab
1611 1829 1781 1882 Atace
1805 1828 1964 1882 fluvio
1993 1830 2046 1881 ei
2084 1845 2290 1888 nomen,
2323 1830 2393 1880 de
2427 1845 2541 1895 quo
2578 1841 2714 1879 amns

441 1943 445 1947 ·
526 1914 730 1966 Plinius
751 1923 844 1963 nt.
866 1919 916 1963 5.
940 1912 1127 1964 Vibius
1158 1911 1460 1976 Sequester‚
1492 1919 1550 1962 et
1579 1912 1685 1962 alii.
1757 1913 1968 1963 Rectius
1993 1912 2285 1978 Porphyrio
2307 1912 2360 1961 in
2385 1911 2583 1962 Horat.
2610 1911 2714 1961 Sat.

527 2007 572 2049 ι.
595 1999 674 2045 10.
697 1994 997 2044 ‘Terentius
1016 1993 1184 2044 Varro
1205 1993 1586 2054 Narbonensis,
1607 1993 1862 2046 Atacinus
1887 1995 1953 2044 ab
1977 1994 2145 2045 Atace
2163 1993 2322 2045 fluvio
2342 1991 2557 2045 dictus.'
2587 1992 2715 2045 Quin

526 2073 642 2140 ipsa
663 2074 919 2126 Narbona
940 2075 1062 2125 oiim
1094 2073 1311 2125 Colonia
1333 2074 1674 2126 Atacinorum
1693 2083 1777 2126 est
1798 2076 2081 2141 appellata,
2113 2083 2249 2127 teste
2269 2074 2569 2139 Pomponio
2589 2073 2717 2124 Mela

527 2169 592 2207 ιι.
615 2162 665 2206 6.
701 2172 755 2222 p.
775 2160 860 2207 88.
897 2163 913 2188 ⁴
933 2156 1036 2207 Sed
1073 2162 1305 2206 antestat
1346 2170 1526 2205 omnes
1565 2156 1902 2207 Atacinorum
1945 2153 2475 2222 Decumanorumque
2512 2154 2720 2216 colonia,

528 2238 671 2288 uude
703 2238 821 2288 olim
845 2238 925 2288 his
965 2237 1121 2287 terris
1156 2237 1401 2288 auxilium
1430 2235 1561 2288 fuit:
1595 2253 1733 2288 nunc
1774 2245 1830 2287 et
1866 2253 2053 2289 nomeu
2090 2246 2149 2289 et
2185 2237 2347 2288 decus
2385 2245 2470 2286 est
2501 2235 2715 2287 Martius

528 2317 752 2369 Narbo?
816 2319 1019 2369 Floruit
1041 2318 1262 2369 Caesaris
1297 2319 1579 2369 Dictator-is
1597 2326 1654 2370 et
1673 2320 2081 2370 Triumviros-um
2100 2320 2440 2383 temporibus·
2510 2317 2717 2381 Scripsit

528 2397 904 2463 Argonautica,
938 2407 994 2449 et
1027 2397 1230 2450 Bellum
1251 2400 1615 2465 Sequanicum.
1682 2402 1816 2453 Quis
1850 2400 2013 2452 fuerit
2045 2402 2095 2451 ei
2131 2399 2396 2452 scribendi
2428 2398 2718 2461 character,

529 2478 687 2530 docet
704 2473 926 2532 Quintil.
946 2494 1004 2530 x.
1028 2485 1077 2531 1.
1096 2496 1148 2546 p.
1166 2485 1283 2532 746.

602 2560 801 2615 Verrius
824 2561 1045 2611 Flaccus.
1111 2561 1295 2611 Caium
1326 2569 1383 2613 et
1417 2563 1655 2627 Lucium,
1690 2562 1914 2627 Augusti
1936 2571 2178 2634 nepotes,
2200 2562 2385 2613 Romae
2423 2562 2480 2611 in
2522 2561 2716 2613 Palatio

529 2639 731 2702 docuit,
754 2650 911 2707 atque
946 2648 1156 2692 exactae
1179 2642 1351 2692 utatis
1374 2643 1506 2694 obiit
1528 2644 1627 2694 suh
1646 2643 1877 2709 Tiberio,
1911 2645 2080 2709 inquit
2107 2644 2390 2695 Suetonius
2415 2642 2492 2693 de
2529 2642 2717 2693 Illum.

531 2722 769 2774 Gratum.
790 2736 840 2773 c.
860 2725 940 2776 17.
962 2736 1014 2786 p.
1037 2726 1152 2774 12³.
1218 2722 1403 2773 Libros
1437 2738 1610 2775 rerum
1649 2726 1897 2776 memoria
1930 2726 2203 2791 dignarum
2228 2725 2296 2775 ab
2318 2740 2381 2774 eo
2403 2724 2715 2788 conscriptos

532 2801 738 2853 Gellius
776 2802 956 2854 laudat
993 2816 1069 2853 ιν.
1092 2808 1155 2854 5ae
1185 2818 1237 2868 p.
1273 2808 1391 2855 288.
1470 2805 1694 2856 Tabulas
1729 2807 2038 2857 Consulares
2082 2821 2148 2858 sc
2179 2805 2570 2871 Triumphales,
2603 2807 2717 2870 qaas

533 2882 838 2946 onuphrius
861 2882 1050 2941 edidit,
1086 2884 1320 2935 creditur
1343 2899 1376 2934 a
1395 2886 1701 2950 quibusdam
1725 2888 1945 2937 Verrius
1981 2887 2096 2953 ipse
2131 2887 2438 2940 confecisse.
2510 2887 2640 2951 Ejus
2662 2886 2717 2936 lis·

533 2961 718 3019 bellus,
739 2961 828 3027 qui
851 2963 1104 3013 Saturnus
1127 2964 1526 3031 inscribebatur,
1561 2968 1754 3017 nitatur
1787 2983 1820 3017 a
1856 2968 2134 3019 Macrobio
2163 2970 2372 3020 Satura.
2392 2983 2433 3019 1.
2449 2972 2504 3019 4.
2538 2984 2593 3033 p.
2613 2970 2714 3017 199.

531 3043 693 3094 Liber
715 3053 930 3110 quartus
952 3045 1019 3095 de
1037 3046 1311 3097 verborum
1335 3046 1731 3113 significatione,
1751 3064 1780 3098 a
1798 3050 1975 3101 Gellio
1996 3064 2051 3100 V.
2076 3055 2156 3101 17.
2179 3067 2234 3115 p.
2251 3053 2368 3100 ³49.

609 3126 852 3176 Vestinus.
916 3126 1037 3177 Fuit
1074 3127 1136 3177 C.
1158 3128 1330 3184 Julius
1349 3128 1559 3179 Atticus
1576 3130 1826 3180 Vestinus
1849 3130 2064 3194 Consul,
2090 3145 2208 3185 cum
2229 3131 2355 3181 Silio
2373 3131 2575 3187 Nerva.
2592 3143 2717 3178 anno

533 3205 603 3256 U.
627 3206 690 3257 C.
723 3219 1032 3266 neccxvm.
1067 3208 1313 3259 extremis
1356 3209 1585 3260 Neronis
1621 3211 1974 3277 temporibus:
2011 3226 2044 3261 a
2086 3225 2188 3277 quo
2211 3211 2388 3276 jussus
2424 3211 2529 3262 sibi
2571 3223 2714 3261 venas
2778 3279 2785 3284 θ

532 3286 787 3339 incidere.
851 3288 1066 3341 Tacitus
1087 3287 1226 3338 Anu.
1245 3303 1340 3340 xv.
1364 3305 1415 3353 p.
1430 3294 1546 3341 264.

608 3369 772 3419 Vetus.
838 3369 1031 3420 Lucius
1056 3370 1245 3433 Vetus,
1281 3367 1565 3436 praefectus
1587 3374 1848 3424 exercitus
1866 3373 2115 3424 adversus
2150 3374 2462 3436 Germanos,
2499 3371 2717 3425 Neronis

537 3449 855 3514 principatu,
890 3451 979 3515 qui
1018 3452 1294 3502 Mosellam
1333 3460 1391 3503 et
1420 3452 1626 3503 Ararim
1660 3452 1818 3505 ducta
1857 3454 1997 3505 fossa
2034 3463 2351 3507 connectere
2390 3454 2631 3518 parabat,
2663 3459 2716 3504 ut

540 3529 853 3593 navigabilia
876 3530 1014 3580 iuter
1036 3547 1094 3581 se
1118 3531 1504 3597 mediterranei,
1528 3536 2069 3601 septemtrionalisque
2092 3536 2274 3586 oceani
2307 3536 2493 3587 littora
2519 3535 2715 3595 fierent,

535 3619 598 3662 ut
618 3611 830 3662 Tacitus
851 3609 1017 3661 refert
1038 3612 1176 3665 Anu.
1197 3626 1324 3665 xm.
1347 3629 1403 3677 p.
1421 3619 1537 3669 215.
2654 3678 2658 3682 ⁴

610 3692 780 3743 Vibius
800 3689 979 3752 Rufus.
1046 3692 1219 3757 Hujus
1237 3695 1429 3745 mentio
1449 3695 1588 3759 apud
1610 3696 1797 3747 Seuec.
1821 3698 2069 3749 Controv.
2091 3711 2130 3747 ι.
2145 3701 2195 3749 8.
2232 3712 2288 3761 p.
2308 3701 2393 3749 94.
2414 3702 2471 3747 et
2504 3696 2713 3746 Dionem

537 3773 632 3823 lib.
655 3785 794 3823 nvn.
829 3788 884 3837 p.
905 3777 1019 3825 612.
1081 3773 1186 3824 Sed
1223 3775 1504 3827 conturbat
1541 3792 1644 3839 me,
1666 3778 1803 3844 quod
1821 3779 1873 3829 in
1893 3779 2074 3829 Indice
2095 3778 2217 3829 iibri
2241 3792 2361 3829 xxi.
2375 3784 2433 3828 et
2451 3790 2601 3828 xxu.
2628 3775 2714 3825 Vi·

539 3852 656 3903 bius
674 3853 893 3905 Rufinus
912 3853 1118 3919 legitur,
1139 3854 1207 3905 de
1224 3871 1327 3920 quo
1348 3857 1470 3921 quid
1486 3865 1738 3924 statuam,
1759 3861 1888 3909 certi
1907 3859 2156 3910 nihildum
2179 3860 2428 3910 occurrit.

613 3933 848 3996 Virgilius
869 3935 1034 3999 Maro,
1055 3936 1198 4000 cujus
1217 3949 1284 3987 ex
1299 3936 1595 4000 Georgicon
1626 3940 1769 3990 libris
1788 3941 1992 3991 Plinius
2010 3942 2226 3991 multum
2247 3938 2499 4005 profecit:
2533 3939 2591 3989 in
2612 3937 2714 4004 qut·

539 4013 638 4064 bus
659 4015 1101 4077 agricolationem,
1117 4023 1179 4066 ut
1193 4017 1269 4067 ait
1288 4017 1578 4070 Columella
1598 4034 1638 4074 1.
1655 4026 1706 4072 2.
1725 4020 1854 4072 fecit
1876 4023 2105 4071 carmine
2126 4029 2419 4086 potentem.

612 4095 876 4158 Vitruvius.
922 4095 1145 4161 Augusti
1168 4097 1384 4150 Coesaris
1404 4101 1700 4167 principatu
1737 4103 1926 4153 claruit
1947 4103 2026 4153 M.
2044 4103 2316 4153 Vitruvius
2351 4102 2541 4165 Pollio,
2572 4102 2718 4166 cujus

542 4190 672 4240 opus
697 4175 777 4242 ‚de
802 4175 1167 4228 Architectura
1189 4179 1425 4230 manibus
1447 4183 1672 4233 omnium
1690 4184 1897 4234 teritur.
1982 4183 2224 4238 Pliniano
2246 4198 2360 4233 avo
2392 4184 2717 4236 vetustiorem

536 4256 628 4328 qui
649 4262 843 4322 negant
863 4255 1041 4322 fuisse,
1062 4258 1160 4313 hoe
1181 4271 1284 4310 uno
1300 4260 1485 4316 Indice
1500 4270 1872 4331 coarguuntur,
1889 4278 1992 4320 non
2013 4262 2271 4320 audiendo
2292 4270 2450 4320 teste-
