3000 4917
1223 351 1667 404 ΑυοτοιιυΜ.
2371 346 2547 414 4985

325 493 556 559 Augusti
590 500 773 560 aetate,
796 498 852 543 ut
895 499 1047 559 putat
1084 493 1341 561 Scaliger,
1367 497 1458 547 sed
1497 483 1829 549 Constantini
1868 498 1944 551 M.
1978 499 2186 566 vixisse,
2218 504 2410 558 eruditi
2448 507 2549 560 viri

330 578 629 642 opinantur.

392 660 592 709 Marsus
615 660 785 722 Poie'ta,
823 659 905 709 cui
944 659 1206 709 Domitius
1246 674 1544 722 praenomen
1582 660 1701 719 fuit,
1744 669 1802 711 ut
1840 663 1915 711 ait
1948 663 2224 715 Suetonius
2260 667 2325 717 de
2350 668 2547 721 Illustr.

328 742 565 792 Gramm.
589 756 705 804 cap.
724 746 773 791 9.
796 756 847 804 p·
869 744 982 790 121.
1050 741 1330 804 Scripsisse
1371 742 1615 791 Herculis
1651 750 1918 794 certamen
1956 744 2205 796 adversus
2235 748 2549 815 Amazonas,

328 829 512 872 auctor
532 829 617 872 est
640 823 899 872 Martialis
924 836 1001 871 ιν.
1028 826 1110 871 28.
1179 822 1506 873 Fabellarum
1536 825 1667 875 iiber
1688 840 1851 875 nonus
1875 825 2115 876 laudatur
2138 842 2169 877 a
2193 828 2427 880 charisio
2452 832 2549 886 lib.

331 917 372 953 r.
400 918 452 964 p.
471 908 555 955 55.
609 904 834 967 Virgilio
857 918 1064 954 coaevus
1092 902 1210 954 fnit.

241 985 250 990 ‘
353 1010 358 1016 ·
389 985 619 1048 Marsyas
639 985 859 1045 Macedo,
882 999 945 1033 ex
967 984 1161 1047 oppido
1187 985 1477 1047 percelebri
1503 985 1651 1035 Pella
1673 1003 1684 1033 ε
1707 985 1959 1052 Antigoni
1977 987 2161 1052 frater,
2180 991 2295 1055 ejus
2315 992 2400 1056 qni
2427 999 2548 1057 post

324 1064 682 1115 Alexandrum
722 1066 975 1128 regnavit.
1043 1066 1266 1129 Scripsit
1304 1067 1369 1116 de
1407 1068 1562 1116 rebus
1601 1069 1794 1119 Atticis
1823 1071 1979 1119 libros
2009 1084 2117 1120 x11.
2186 1075 2272 1123 De
2298 1075 2543 1126 Macedo·

323 1147 472 1210 nicis,
495 1161 552 1197 x.
620 1148 779 1210 Cujus
806 1147 1103 1210 posterioris
1140 1148 1312 1211 operis
1344 1149 1729 1211 Harpocration
1766 1152 2015 1214 meminit,
2045 1153 2202 1203 verbo
2237 1153 2547 1219 Ἀμφίπολις,

325 1242 379 1290 p.
403 1231 486 1277 20.
555 1228 843 1292 Utriusque
864 1227 1051 1278 Suidas
1074 1233 1215 1277 tomo
1237 1243 1303 1277 ιι.
1329 1245 1380 1293 p.
1407 1234 1522 1279 100.
1587 1231 1856 1280 Laudatur
1879 1238 1934 1281 et
1957 1247 1986 1282 a
2012 1233 2318 1299 Plutarcho,
2354 1237 2406 1285 in
2439 1238 2545 1288 De·

327 1307 518 1357 masth.
541 1321 594 1369 p.
616 1310 732 1356 854.

347 1419 352 1434 .
385 1388 639 1438 Masurius
652 1388 875 1451 Sabinus,
896 1389 1096 1438 Graecis
1114 1386 1395 1452 Μασούριος,
1417 1389 1496 1438 vir
1514 1391 1769 1452 equestris
1792 1393 2007 1456 ordinis,
2026 1394 2299 1458 Augustaei
2319 1397 2416 1446 aevi
2442 1398 2540 1449 Ju-

316 1468 659 1520 risconsuitus
694 1468 1073 1518 nobilissimus:
1116 1470 1183 1519 de
1205 1484 1304 1535 quo
1328 1470 1542 1542 Persius
1568 1472 1680 1521 Sat.
1713 1486 1764 1521 v.
1796 1475 1810 1500 ‘
1833 1474 2093 1539 Excepto,
2129 1476 2314 1540 siquid
2338 1479 2538 1528 Maeuii

312 1550 529 1601 rubrica
562 1550 794 1600 notavit!
861 1552 1045 1600 Libros
1087 1553 1201 1616 ejus
1239 1553 1305 1601 de
1333 1554 1459 1615 jure
1499 1554 1636 1603 civili
1681 1555 1860 1605 laudat
1897 1557 2098 1607 Gellius
2132 1569 2208 1608 tv.
2246 1562 2294 1607 l.·
2330 1571 2383 1621 p.
2419 1562 2539 1609 272.

316 1632 704 1682 Memorialinm
739 1632 923 1682 librum
956 1633 1301 1689 undecimum,
1339 1633 1477 1683 idem
1514 1648 1566 1682 v.
1606 1639 1656 1684 6.
1696 1649 1749 1697 p.
1786 1639 1901 1685 326.
1969 1637 2287 1701 Secundum,
2326 1639 2536 1689 Macro-

316 1714 437 1765 bius
478 1715 687 1765 Saturn.
733 1727 821 1764 ιιι.
869 1719 919 1764 6.
966 1731 1019 1779 p.
1063 1719 1178 1766 397.
1262 1715 1446 1802 Libros
1490 1715 1556 1764 de
1599 1716 1873 1780 triumphis
1919 1717 2289 1780 Romanorum,
2333 1720 2537 1769 Plinius

316 1808 426 1848 xv.
448 1799 531 1845 38.

341 1877 640 1927 Maximus
668 1878 902 1942 Valerius,
937 1876 1188 1928 extremis
1221 1877 1419 1928 Tiberii
1456 1878 1793 1941 temporibus,
1827 1879 1985 1929 libros
2015 1879 2403 1945 Exemplorum,
2423 1881 2534 1933 sive

310 1957 594 2008 Dictorum
621 1959 995 2024 Factorumque
1020 1957 1439 2008 Memorabilium
1460 1960 1688 2022 scripsit.
1725 1960 1842 2008 Ex
1830 1960 1892 2008 iis
1914 1960 2076 2010 multa
2094 1961 2292 2009 Plinius
2311 1962 2535 2026 decerp-

316 2037 411 2103 sit,
441 2039 655 2090 verbum
682 2039 796 2090 fere
829 2040 895 2089 de
930 2039 1088 2089 verbo
1124 2038 1494 2090 transcribens.
1564 2039 1719 2089 Quod
1757 2054 1874 2088 cum
1908 2038 2059 2103 facit,
2091 2042 2356 2105 appellato
2387 2043 2531 2105 prius

310 2118 540 2169 candide
558 2128 612 2170 et
635 2121 875 2184 ingenue,
909 2129 962 2169 nt
989 2120 1142 2175 solet,
1166 2118 1324 2183 idque
1346 2119 1543 2182 saepius,
1560 2119 1612 2167 in
1638 2119 1839 2183 Indice,
1858 2120 2052 2169 Valerii
2071 2121 2285 2180 Maximi
2305 2124 2537 2186 nomine,

310 2208 373 2257 et
394 2201 529 2252 bunc
551 2201 721 2265 seipso
746 2201 1086 2252 vetustiorem
1107 2200 1383 2264 aliquanto,
1415 2207 1470 2249 et
1491 2200 1627 2263 quod
1649 2215 1788 2251 nunc
1813 2202 2039 2250 omnium
2065 2202 2294 2251 manibus
2320 2201 2532 2264 teritur,

313 2281 598 2345 genuinum
622 2297 734 2332 esse
756 2282 950 2332 Valerii
972 2296 1119 2346 opus,
1138 2280 1366 2330 dilucide
1391 2281 1597 2344 probat.
1665 2283 1971 2347 Quanquam
1995 2283 2045 2330 in
2066 2282 2236 2345 priore
2253 2283 2383 2332 libro
2406 2297 2531 2345 pars

312 2363 506 2427 capitis
526 2363 676 2427 primi
703 2371 980 2427 postrema,
1007 2377 1036 2411 a
1059 2378 1199 2412 num.
1221 2368 1272 2413 5.
1303 2363 1367 2412 ad
1392 2370 1554 2427 caput
1576 2370 1626 2414 5.
1653 2364 1885 2427 ejusdem
1911 2364 2047 2427 libri,
2063 2366 2145 2413 cui
2164 2364 2230 2413 de
2248 2363 2528 2415 Ominibus

312 2445 498 2493 titulus
524 2452 623 2508 est,
653 2460 753 2494 non
789 2446 951 2509 ipsius
984 2444 1177 2493 Valerii
1203 2448 1303 2504 est,
1335 2443 1427 2493 sed
1453 2445 1564 2507 ejus
1601 2445 1793 2507 potius,
1819 2447 1902 2509 qui
1927 2459 1992 2492 ex
2012 2444 2225 2493 Valerio
2247 2443 2531 2506 Epitomen

307 2524 477 2575 fecit:
514 2526 651 2591 quod
674 2535 728 2576 et
749 2524 1086 2593 praefationes
1125 2525 1236 2574 illas
1260 2524 1498 2589 exempla
1522 2526 1744 2588 singula,
1781 2541 1897 2590 quae
1930 2527 2026 2577 boc
2062 2526 2336 2574 intervallo
2360 2528 2526 2576 conti<-

310 2612 523 2668 nentur,
536 2621 878 2671 egressusque
902 2622 1003 2657 non
1028 2606 1222 2655 habent
1245 2606 1474 2655 Maximo
1501 2612 1601 2653 tam
1624 2604 1942 2667 familiares;
1968 2614 2021 2656 et
2046 2606 2182 2671 quod
2206 2607 2255 2655 in
2275 2607 2528 2657 vetustio-

307 2686 452 2735 ribus
474 2689 851 2751 exemplaribus
875 2704 937 2736 ea
961 2688 1163 2749 desunt,
1186 2702 1299 2751 quae
1323 2688 1406 2736 hic
1443 2687 1762 2747 inseruntur,
1801 2703 2017 2750 quornm
2044 2689 2155 2736 loco
2179 2694 2412 2752 notatum
2441 2694 2525 2740 est

305 2771 326 2797 ⁴
350 2770 551 2818 Deesse
571 2768 764 2819 multa.’
828 2769 934 2818 Sed
951 2784 1056 2832 qua
1075 2769 1280 2817 demum
1301 2775 1458 2818 aetate
1492 2767 1697 2831 vixerit,
1724 2768 1963 2817 Valerius
1987 2769 2099 2830 ipse
2125 2768 2300 2831 prodit
2322 2784 2383 2818 ιι.
2406 2773 2454 2818 6.
2470 2774 2524 2818 8.

314 2864 366 2912 p.
393 2853 504 2899 106.
527 2850 649 2899 dum
682 2866 736 2900 se
760 2851 811 2900 in
838 2850 1015 2899 Asiam
1047 2866 1161 2899 esse
1198 2848 1493 2915 profectum
1531 2847 1661 2899 dicit
1685 2864 1800 2898 cum
1824 2849 1985 2898 Sexto
2010 2849 2261 2912 Pompeio
2290 2852 2521 2913 Nepote,

309 2933 422 2995 qui,
441 2940 496 2981 ut
521 2933 664 2982 Fasti
687 2934 983 2997 loquuntur,
1000 2933 1337 2982 Consulatum
1362 2945 1424 2980 eo
1447 2945 1581 2978 anno
1606 2931 1783 2992 gessit,
1806 2944 1907 2992 quo
1929 2929 2192 2991 Augustus
2204 2929 2350 2979 obiit.
2387 2930 2519 2979 Tum

311 3027 439 3061 vero
480 3015 698 3063 maxime
732 3014 967 3077 ejusdem
995 3012 1113 3062 libri
1143 3027 1189 3061 c.
1220 3016 1269 3061 9.
1293 3025 1347 3060 n.
1369 3016 1419 3060 6.
1445 3026 1495 3074 p.
1527 3012 1640 3058 131.
1677 3009 1763 3059 ubi
1791 3009 2071 3070 aclaudio
2113 3009 2322 3057 Nerone
2346 2999 2520 3062 ortum

311 3094 506 3143 ducere
529 3096 791 3146 Tiberium
816 3096 910 3156 ait,
934 3110 1086 3159 quem
1122 3101 1137 3124 ‘
1158 3094 1461 3156 Principem
1486 3098 1718 3140 nostrum
1738 3091 2016 3139 salutarem
2035 3086 2049 3110 ’
2076 3089 2324 3151 appellat.

375 3176 585 3225 Medius.
652 3176 802 3225 Inter
842 3176 1153 3225 vetustiores
1188 3173 1414 3223 medicos
1451 3172 1729 3221 laudantur
1769 3186 1797 3219 a
1836 3170 2038 3219 Galeno
2072 3169 2282 3219 Medius
2306 3177 2361 3221 et
2384 3171 2518 3220 Piis-

311 3258 531 3314 tunicas,
578 3256 780 3316 Μήδειος
828 3255 907 3307 καὶ
948 3254 1308 3319 Πλειστόνικος,
1346 3262 1485 3305 tomo
1524 3267 1608 3302 ιιι.
1643 3254 1933 3303 comment.
1969 3265 2034 3300 11.
2068 3251 2120 3299 in
2152 3250 2412 3315 Hippocr.
2450 3250 2516 3301 de

313 3340 508 3390 Natur.
534 3340 694 3389 Hnm.
720 3354 773 3404 p.
800 3342 911 3389 137.
1929 3340 1934 3349 ’

376 3421 733 3482 Megasthenes.
799 3419 945 3470 Vixit
967 3418 1009 3469 is
1034 3419 1309 3469 Ptolemaei
1338 3416 1550 3481 Lagidae
1574 3415 1886 3479 principatu.
1955 3414 2082 3478 Ejus
2105 3414 2334 3465 historiae
2358 3413 2514 3468 fidem

308 3503 532 3565 derogat
553 3503 740 3554 Strabo
762 3501 852 3551 lib.
875 3516 958 3552 ιι.ι
981 3517 1031 3564 p.
1063 3506 1145 3551 76.
1211 3500 1415 3550 Laudat
1438 3514 1556 3548 eum
1581 3498 1633 3546 ἐν
1665 3499 1724 3562 τῇ
1749 3495 1884 3562 τρίτῃ
1913 3499 2008 3545 τῶν
2028 3496 2248 3558 Ἰνδικῶν,
2273 3496 2513 3546 Clemens

307 3581 594 3635 Alexandr.
631 3584 823 3634 Strom.
847 3583 934 3638 lib.
958 3597 997 3633 1.
1022 3597 1075 3647 p.
1098 3586 1215 3631 305.
1236 3581 1321 3631 ubi
1340 3595 1456 3630 cum
1479 3580 1701 3629 Seleuco
1726 3579 1975 3627 Nicatore
1996 3578 2184 3627 vixisse
2206 3577 2380 3626 tradit.

375 3666 548 3725 Meges
581 3665 885 3729 Chirurgus,
921 3663 986 3713 de
1017 3679 1115 3727 quo
1140 3676 1326 3712 xxxn.
1351 3666 1434 3711 24.
1504 3661 1689 3710 Celsus
1712 3657 2123 3720 Chirurgicorum
2147 3656 2511 3719 peritissimum

307 3754 484 3809 vocat,
506 3761 558 3795 v.
579 3751 660 3795 28.
692 3755 748 3795 et
770 3746 820 3795 in
843 3742 1160 3795 Praefatione
1184 3742 1300 3791 libri
1317 3740 1542 3804 septimi

373 3830 509 3878 Mela
541 3828 845 3892 Pomponius,
881 3827 1091 3877 natione
1132 3823 1413 3887 Hispanus,
1457 3821 1592 3871 vixit
1624 3820 1828 3870 Claudii
1869 3818 2086 3869 Caesaris
2115 3816 2425 3880 principatu,
2450 3822 2512 3867 nt

305 3912 514 3976 quidem
541 3912 755 3960 Vossius
778 3909 1039 3958 existimat
1065 3914 1182 3969 post
1206 3905 1508 3953 Vadianum.
1572 3903 1708 3951 Vide
1733 3916 1848 3965 quae
1872 3900 2093 3948 diximus
2119 3910 2236 3946 xix.
2253 3901 2334 3947 33.
2385 3896 2510 3947 Edi.

307 3993 390 4042 dit
409 3994 572 4041 libros
596 3999 705 4040 tres
734 3990 801 4040 de
840 3992 941 4039 situ
972 3988 1130 4044 orbis,
1167 3985 1349 4051 quibus
1388 3984 1515 4033 nihil
1554 3989 1636 4032 est
1669 3982 1978 4046 elegantius.
2043 3979 2107 4028 In
2131 3976 2508 4042 Geographicis

306 4075 465 4123 rebus
491 4071 868 4128 describendis,
891 4070 959 4120 ab
995 4066 1292 4118 eruditione
1316 4064 1525 4121 Strabo,
1560 4079 1593 4113 a
1614 4063 1879 4127 diligentia
1900 4060 2118 4125 Plinius,
2141 4060 2204 4108 ab
2229 4066 2341 4108 arte
2365 4057 2508 4114 Mela

302 4152 719 4206 commendatur.

301 4249 336 4285 ‚⁴
372 4235 690 4300 Melanthius,
712 4234 915 4291 Pictor,
936 4231 1003 4283 de
1028 4246 1131 4297 quo
1156 4229 1375 4280 diximus
1398 4239 1571 4277 xxxv.
1593 4227 1677 4276 32·
