3000 4917
877 371 1053 420 Nu.
1097 372 1299 421 HIST.
1349 371 1499 419 ms.
1548 371 1827 423 xxx1v.
1872 358 1936 423 3.
2331 360 2507 427 4423

305 517 431 581 boc
490 505 741 598 paucis
802 515 1089 581 docebo,
1198 514 1559 580 Corinthus
1636 522 1842 599 capta
1914 522 2018 582 est
2078 515 2506 602 Olympiadis

306 625 602 681 cbv111.⁷
648 636 824 681 anno
860 614 1107 697 tertio,‘¹
1151 624 1397 684 nostrae
1433 619 1645 683 Urbis
1698 635 1968 682 ncv111.
2011 638 2164 686 cum
2194 628 2351 685 ante
2374 641 2507 688 sse-

304 717 456 782 cula
474 727 497 754 ⁶
541 717 819 783 fictores
865 719 1125 784 nobiles
1172 739 1324 785 esse
1375 720 1726 797 desisseut,
1776 740 2061 804 quorum
2090 721 2225 786 ista
2276 724 2507 789 omnia

307 820 491 902 signa
538 819 741 885 hodie
794 818 1148 886 Corinthia
1207 822 1570 905 appellant.
1660 821 2098 905 Quapropter
2159 823 2247 888 ad
2305 843 2502 889 coar-

309 922 606 1003 guendos
640 942 763 987 eos
796 942 1127 1006 ponemus
1160 923 1495 988 artificum
1546 927 1800 988 aetates.
1891 922 1960 988 N
1965 944 2074 989 am
2106 923 2317 989 Urbis
2346 945 2504 992 nos-

307 1029 428 1089 ttae
460 1043 676 1089 annos
699 1044 786 1089 ex
819 1025 1209 1111 supradicta
1259 1026 1784 1116 comparatione,
1809 1024 2283 1109 Olympiadum
2315 1025 2507 1092 colli-

304 1145 452 1208 gere
479 1127 683 1193 facile
714 1130 859 1193 erit.
946 1128 1119 1193 Sunt
1149 1148 1304 1210 ergo
1334 1148 1498 1193 vasa
1529 1136 1783 1194 tantum
1832 1128 2195 1201 Corinthia,
2218 1149 2373 1213 quae
2396 1131 2507 1196 isti

304 1226 743 1311 elegantiores
769 1229 969 1294 modo
996 1232 1064 1295 in
1107 1231 1456 1295 esculenta
1507 1231 1933 1309 transferunt,
1962 1231 2165 1296 modo
2197 1232 2265 1295 in
2292 1233 2507 1298 lucer·

305 1347 454 1407 nas,
481 1335 602 1394 aut
629 1330 952 1408 trulleos,⁸
975 1327 995 1365 f
1032 1332 1222 1395 nullo
1253 1332 1729 1396 munditiarum
1760 1333 2128 1415 despectu.⁹
2175 1332 2344 1416 Ejus
2374 1334 2509 1399 tria

303 1450 579 1511 genera:
627 1432 1008 1508 candidum,
1046 1441 1323 1516 argento
1354 1436 1565 1498 nitore
1591 1453 1796 1516 quam
1824 1434 2128 1518 proxime
2151 1435 2505 1515 accedenS,

302 1533 370 1596 in
413 1554 558 1617 quo
589 1535 705 1599 illa
742 1536 1034 1600 mixtura
1074 1536 1468 1619 praevaluit:
1517 1536 1822 1614 alterum,
1872 1535 1941 1599 in
1975 1554 2110 1620 quo
2143 1537 2289 1599 auri
2319 1535 2509 1602 fulva

302 1641 576 1701 natura:
624 1636 914 1714 tertium,
957 1637 1028 1700 in
1088 1657 1221 1720 quo
1269 1637 1551 1721 aequalis
1594 1638 1889 1701 omnium
1935 1638 2300 1720 temperies
2343 1637 2497 1703 fuit.

305 1735 565 1801 Praeter
593 1736 741 1802 haec
768 1743 895 1815 est,
950 1738 1144 1822 cujus
1190 1739 1362 1803 ratio
1408 1760 1542 1803 non
1596 1746 1821 1824 potest
1872 1738 2084 1817 reddi,
2118 1758 2508 1822 quanquam

301 1837 593 1903 hominis
616 1859 816 1904 manu
844 1840 1029 1905 facta
1053 1850 1106 1880 ¹0
1149 1842 1408 1907 dederit
1455 1842 1749 1907 Fortuna
1785 1848 2384 1923 temperamentum
2415 1841 2509 1904 si-

304 1941 605 2006 mulacro
640 1942 1018 2026 signisque,
1047 1942 1211 2007 illud
1241 1963 1366 2007 suo
1397 1944 1622 2008 colore
1652 1943 2016 2026 pretiosum
2068 1941 2155 2006 ad
2180 1940 2508 2033 jocineris

305 2041 664 2125 imaginem
687 2063 994 2128 vergens,
1025 2044 1203 2127 quod
1237 2044 1391 2109 ideo
1422 2044 1783 2127 hepatizon
1806 2052 1833 2090 ⁸
1865 2042 2238 2128 appellant,
2269 2044 2508 2125 procul

1219 2190 1593 2213 “commeo-

305 2286 418 2339 cod.
447 2288 739 2338 nalem—7
772 2288 789 2316 ‘
809 2289 953 2339 Male
978 2289 1108 2339 Mss.
1133 2288 1269 2353 Reg.
1296 2289 1475 2340 Editio
1500 2289 1763 2353 princeps,
1796 2297 1852 2340 et
1874 2289 2109 2340 eruditus
2131 2287 2433 2338 Harduinus
2455 2287 2511 2337 in

308 2353 472 2401 altera
496 2369 591 2403 sua
612 2352 864 2410 editione,
892 2353 1084 2403 CLVI.
1151 2353 1328 2403 Annus
1349 2356 1508 2404 Urbis
1532 2355 1753 2404 conditae
1778 2368 1982 2403 ncvnt.
2006 2369 2107 2419 quo
2130 2362 2283 2415 capta
2307 2361 2388 2402 est
2410 2352 2513 2402 Co-

303 2418 504 2466 rintbus
539 2417 725 2468 incidit
748 2418 799 2466 in
823 2432 1011 2467 annum
1037 2419 1245 2468 tertium
1272 2419 1602 2483 Olympiadis
1630 2417 1847 2468 ουτω]
1880 2420 2097 2468 Brotier.
2168 2418 2351 2466 CLVI.
2388 2416 2512 2467 edd.

298 2490 432 2531 vett.
468 2483 699 2532 Gronov.
739 2490 796 2531 et
838 2483 952 2531 aliae
990 2495 1165 2531 omues
1205 2491 1327 2532 ante
1366 2484 1696 2531 Erotion—8
1729 2484 1852 2531 Vet.
1876 2484 2057 2531 Dalec.
2092 2483 2224 2529 mdo
2260 2482 2313 2529 in
2338 2483 2373 2529 1.
2410 2495 2512 2529 mo·

304 2548 363 2593 do
401 2546 455 2595 in
496 2548 702 2603 trullam
733 2546 855 2597 cod.
892 2545 1078 2596 Dalec.
1113 2552 1201 2596 aut
1235 2549 1525 2597 trullam—9
1558 2547 1680 2596 ‘Ita
1716 2547 1849 2596 bene
1882 2546 2034 2596 codd.
2064 2546 2233 2609 Regg.
2257 2552 2313 2593 et
2337 2544 2513 2594 Editio
2541 2595 2553 2608 ‚

305 2611 570 2673 priu'ceps.
627 2612 845 2660 Frustra
875 2610 1205 2660 emendatum
1243 2611 1495 2674 respectu!
1533 2612 1761 2660 Brotier.
1824 2616 2035 2673 respectu
2068 2610 2187 2659 edd.
2214 2615 2342 2659 vett.
2376 2609 2512 2658 Gro-

303 2688 419 2725 nov.
458 2674 724 2724 Harduin.
758 2683 814 2724 et
848 2682 1073 2725 recentt.
1128 2678 1273 2726 multo
1306 2691 1368 2725 m.
1403 2678 1625 2738 despectu
1658 2676 1774 2724 cod.
1816 2676 2138 2736 palem—lo
2172 2674 2296 2722 Vet.
2331 2673 2509 2723 Delec.

303 2739 454 2795 reddi,
474 2740 695 2814 quoniam
716 2745 1129 2803 temperamentum
1138 2741 1344 2800 fortuna
1360 2742 1548 2789 dederit
1562 2740 1858 2790 simulachris
1876 2739 2121 2801 signisque
2140 2737 2343 2787 hominis
2366 2753 2511 2788 manu

296 2802 620 2865 saetis,rllud‚
641 2808 723 2867 &a
771 2806 837 2854 al.
864 2812 992 2853 vett.
1026 2807 1181 2866 reddi,
1219 2805 1437 2868 quoniam
1468 2806 1671 2855 hominis
1700 2818 1841 2854 manu
1860 2804 2019 2864 sacto,
2038 2806 2120 2865 dfe.
2174 2802 2291 2851 cod.
2324 2802 2508 2852 Dalec.

304 2868 456 2931 reddi,
474 2883 741 2932 quanquam
763 2870 887 2919 hom.
908 2884 1076 2919 manus
1095 2884 1147 2918 se
1165 2872 1228 2918 ad
1238 2869 1415 2929 sormoe
1431 2869 1764 2919 simulachrum
1786 2874 1938 2931 aptet,
1954 2868 2215 2931 signisque,
2233 2869 2317 2930 ξε.

1298 3013 1511 3064 No'rAE

306 3147 319 3160 .
366 3111 392 3144 ‘¹
427 3110 681 3161 CLVIII.
709 3126 832 3161 anno
864 3111 1031 3175 tertio]
1075 3111 1219 3161 Libri
1259 3124 1367 3160 om-

305 3199 410 3250 nes,
430 3186 591 3236 etiam
617 3186 744 3235 Mss.
782 3187 966 3239 CLVI.
1033 3187 1135 3236 Sed
1169 3187 1252 3235 hic
1275 3200 1368 3235 nu-

306 3276 474 3312 merus
502 3262 643 3312 baud
678 3262 836 3312 dubie
871 3264 943 3312 ibi
977 3263 1028 3312 in
1062 3264 1249 3313 mendo
1281 3277 1363 3312 cn·

307 3339 410 3389 bat.
510 3342 709 3391 Incidit
768 3341 907 3391 enim
974 3342 1131 3393 Urbis
1199 3356 1364 3394 annus

307 3428 504 3465 ncvm.
525 3416 577 3464 in
594 3430 782 3466 annum
804 3418 1034 3480 tertium,
1050 3431 1152 3466 non
1172 3416 1363 3467 CLVI.

306 3492 394 3541 sed
419 3492 672 3543 CLVIII.
696 3494 1022 3557 olympiadis.
1088 3495 1265 3545 Quare
1289 3493 1363 3544 bi·

306 3568 433 3617 narii
456 3576 602 3626 nota.
642 3584 765 3634 quae
799 3570 1017 3632 excidit,
1054 3571 1298 3620 restituta
1332 3585 1365 3620 a

304 3644 444 3693 nobis
482 3647 667 3693 est.-‘
690 3645 776 3693 CL
790 3645 882 3696 VI.
903 3661 1026 3696 auno
1047 3645 1233 3709 testim]
1278 3646 1364 3696 Sic

305 3718 415 3767 libri
450 3734 654 3783 omnes,
675 3723 776 3770 &m
845 3722 1024 3773 Quare
1047 3722 1250 3771 denarii
1274 3737 1365 3771 no-

306 3802 375 3857 ta,
397 3798 467 3848 X.
491 3806 689 3849 mutata
712 3812 982 3861 perperam
1005 3796 1180 3848 fuerat
1199 3799 1250 3848 in
1275 3813 1366 3848 no-

305 3880 408 3924 tam
432 3875 683 3939 quinarii,
712 3875 786 3925 V?
819 3876 914 3924 Ed.
931 3890 1042 3927 sec.

364 3955 387 3981 θ
426 3951 551 3999 Cum
595 3956 708 4001 ante
747 3951 944 4015 secula]
1008 3950 1150 4001 Ante
1200 3967 1363 4003 anuos

305 4037 431 4075 cut.
455 4027 556 4076 boc
592 4034 694 4085 est,
713 4027 1030 4091 Olympiade
1052 4042 1183 4078 cxx.
1206 4038 1266 4078 ut
1289 4028 1365 4077 di·

305 4110 452 4151 cetur
492 4118 611 4166 cap.
654 4106 733 4152 19.
799 4103 973 4153 Etiam
1007 4104 1138 4154 Mss.
1162 4104 1368 4154 codices

1450 3124 1624 3174 posse,
1648 3124 1752 3159 cum
1771 3114 1883 3159 ante
1914 3110 2100 3168 seculo,
2131 3107 2227 3157 hoc
2265 3111 2365 3166 cst,
2387 3112 2511 3155 aute

1448 3191 1659 3236 centum
1683 3199 1861 3249 anuos,
1884 3199 2037 3249 quam
2054 3183 2332 3234 Corinthus
2354 3195 2509 3246 cape-

1445 3270 1661 3387 ι..Ὗὶῗιιι
1692 3334 1910 3399 trulleos]
1941 3335 2200 3398 Truncus,
2232 3335 2340 3383 sive
2383 3333 2511 3382 trul-

1416 3415 1602 3470 .leum,
1624 3414 1735 3463 sive
1754 3414 1929 3475 trulla,
1951 3426 2047 3475 pro
2069 3412 2263 3461 matula
2277 3412 2375 3461 hoc
2397 3410 2512 3459 loco

1446 3490 1726 3553 accipitur,
1764 3496 1823 3537 ut
1862 3487 2002 3552 apud
2043 3488 2275 3537 Martial.
2313 3500 2396 3536 tx.
2426 3489 2511 3534 97.

1443 3572 1457 3595 ‘
1480 3566 1712 3615 Clinicus
1748 3563 1989 3614 Herodes
2032 3565 2238 3613 trullam
2285 3562 2512 3611 subdux-

1445 3649 1559 3692 erat
1582 3656 1753 3706 aegroz
1786 3642 2092 3704 Deprensus
2114 3639 2282 3688 dixit:
2319 3638 2513 3700 Stulte,

1447 3718 1574 3783 quid
1608 3731 1734 3781 ergo
1769 3716 1900 3766 bibis
1917 3715 1955 3764 Ρ
1997 3714 2375 3777 stibintenigez
2412 3712 2512 3762 uisi

1444 3796 1523 3845 vis
1554 3804 1610 3844 et
1644 3795 1842 3843 urinam
1872 3792 2110 3842 reddere.
2181 3791 2399 3840 Furtum
2434 3790 2512 3837 in·

1446 3872 1655 3935 geuiose
1681 3868 1985 3928 dissimulat,
2009 3866 2157 3930 quasi
2173 3865 2375 3914 idcirco
2399 3873 2511 3914 tau·

1445 3955 1555 3997 tum
1580 3947 1826 3996 matulam
1861 3943 2172 4005 sustulisset,
2208 3950 2269 3991 ut
2300 3939 2516 3991 offerret

1446 4038 1606 4088 aegro.

1513 4110 1538 4144 8
1561 4095 2143 4163 ΗεραιίιοπΓΙ-Ιπατίζον,
2157 4094 2406 4161 jocineris
2427 4107 2511 4144 co·

305 4180 376 4227 sic
415 4194 522 4241 prae
557 4193 615 4228 se
652 4176 850 4246 ferunt.
915 4180 1246 4244 Conjiciebat
1280 4196 1367 4230 au·
1442 4181 1608 4231 iorem
1631 4175 1877 4228 referens.

304 4261 408 4303 tem
430 4254 687 4304 Gelenius
717 4255 825 4319 legi
860 4256 1025 4306 multo
1049 4257 1365 4308 commodius
