3000 4917
2304 360 2511 433 ‘4553

303 514 559 590 habent
587 531 658 592 et
688 525 1145 610 triumphum.²
1166 522 1194 561 ¹²
1284 525 1479 590 Idem
1513 525 1829 590 Castores
1861 545 1942 592 ac
1978 521 2346 589 Victoriam
2387 545 2513 608 po-

307 629 473 704 suit,
525 634 594 693 et
646 648 818 712 quas
868 628 1172 693 dicemus
1219 629 1349 692 sub
1400 628 1727 693 artificum
1771 628 2105 691 mentione
2143 627 2212 690 in
2262 629 2512 711 templo

306 727 605 794 Caesaris
635 727 890 814 patris.¹
981 730 1173 794 Idem
1202 731 1268 794 in
1294 729 1500 794 Curia
1524 749 1816 814 quoque,
1837 749 2035 813 quam
2069 730 2136 794 in
2167 729 2513 796 Comitio¹1¹¹

305 833 782 908 consecrabat,
840 831 1010 897 duas
1070 831 1339 897 tabulas
1398 832 1735 915 impressit
1792 831 2048 915 parieti.
2139 831 2514 897 Nemeam¹²

301 933 650 999 sedentem
695 953 896 1018 supra
940 934 1220 1007 leonem,
1265 932 1702 1017 palmigeram
1748 933 1999 1017 ipsam,
2047 940 2309 998 astante
2357 950 2513 997 cum

302 1035 557 1100 baculo
612 1057 788 1115 sene,
839 1036 1036 1120 cujus
1096 1055 1303 1120 supra
1357 1041 1561 1118 caput
1615 1035 1842 1101 tabula
1898 1037 2072 1118 bigae
2133 1035 2513 1120 dependet.³

303 1136 374 1200 N
380 1137 601 1201 icias⁰
646 1139 919 1222 scripsit
965 1158 1041 1203 se
1084 1137 1410 1202 inussisse
1433 1145 1496 1201 :P
1541 1136 1660 1202 tali
1704 1137 1877 1201 enim
1924 1157 2087 1201 usus
2131 1144 2238 1202 est
2266 1139 2517 1202 verbo.4

303 1238 605 1303 Alterius
654 1239 903 1305 tabulae
951 1239 1300 1304 admiratio
1349 1244 1481 1315 est,
1531 1239 1844 1321 puberem
1893 1238 2098 1304 filium
2150 1241 2291 1303 seni
2337 1240 2514 1324 patri

304 1340 595 1406 similem
642 1362 816 1420 esse,
846 1343 1039 1407 salva
1083 1342 1307 1406 aetatis
1350 1339 1747 1415 differentia,
1781 1340 2251 1424 supervolante
2284 1341 2512 1426 aquila

302 1442 671 1508 draconem
716 1444 1097 1528 complexa.
1190 1441 1620 1507 Philocbares
1644 1450 1677 1488 ‘¹‘
1715 1441 1845 1507 hoc
1894 1462 2093 1507 suurn
2141 1462 2315 1527 opus
2362 1462 2512 1508 esse

304 1549 591 1609 testatus
621 1552 764 1610 est:
806 1547 1154 1622 immensa,
1187 1545 1299 1609 vel
1330 1564 1529 1610 unam
1561 1546 1622 1610 si
1644 1546 1799 1629 quis
1832 1550 2086 1609 tantum
2116 1545 2291 1609 banc
2320 1547 2514 1610 tabu·

300 1645 434 1709 lam
479 1648 796 1724 aestimet,
856 1649 1159 1731 potentia
1210 1647 1399 1722 artiS,
1447 1666 1624 1725 cum,
1683 1655 1964 1733 propter
2016 1647 2511 1723 Philocbarem,

301 1747 828 1828 ignobilissimos
871 1750 1142 1839 alioqui·
1172 1749 1663 1815 Glaucionem
1719 1748 2109 1833 liliumquer
2163 1749 2311 1835 ejus
2356 1749 2513 1813 Ari-

300 1848 604 1932 stippum
636 1857 904 1915 senatus
935 1850 1359 1935 populusque
1397 1848 1758 1915 Romanus
1791 1858 1891 1917 tot
1921 1853 2193 1917 saeculis
2223 1858 2510 1936 spectet.

300 1950 551 2016 Posuit
577 1960 650 2016 et
676 1952 988 2018 Tiberius
1019 1953 1250 2018 Caesar
1280 1953 1552 2016 minime
1583 1954 1799 2017 comis
1829 1955 2205 2038 imperator,
2232 1953 2299 2016 in
2343 1959 2513 2017 tem-

297 2053 414 2136 plo
446 2052 669 2137 ipsius
697 2053 1016 2139 Augusti,
1051 2074 1225 2140 quas
1255 2072 1419 2119 mox
1449 2054 1952 2123 indicabimus.⁵

1216 2184 1307 2209 ou
1312 2184 1595 2208 mueue

876 382 1049 432 nm.
1097 380 1298 433 nts'r.
1345 383 1491 430 ms.
1543 381 1798 430 xxxv.
1842 365 1949 430 10.

363 2268 505 2317 cu».
533 2282 589 2319 x.
684 2274 708 2319 l
747 2270 869 2319 Vet.
900 2272 1082 2322 Dalec.
1110 2273 1221 2330 sori
1260 2273 1338 2322 sui
1377 2271 1680 2324 celeberrima
1702 2273 1958 2334 parta—‚2
2007 2270 2094 2319 Ita
2132 2268 2286 2318 codd.
2331 2267 2503 2332 Regg.

304 2333 457 2382 Brot.
491 2340 550 2382 et
584 2333 763 2384 Editio
806 2336 1063 2399 princeps.
1098 2337 1209 2386 belli
1237 2339 1420 2402 pictam
1440 2336 1624 2399 faciem
1659 2336 1835 2384 habent
1872 2340 1922 2384 et
1955 2334 2242 2398 triumphum
2275 2333 2509 2384 Gronov.

261 2434 268 2444 .
302 2397 557 2446 Harduin.
582 2403 629 2448 1.
653 2403 701 2448 2.
723 2403 771 2447 3.
794 2408 847 2449 et
874 2407 1196 2451 remum—8
1233 2401 1362 2452 cod.
1400 2402 1581 2452 Dalec.
1619 2400 1827 2451 tabulam
1858 2400 1969 2462 biga
1988 2400 2353 2462 dependentem3
2382 2399 2507 2448 Vet-

299 2462 488 2510 Dslec.
512 2463 566 2512 is
588 2465 749 2515 tabula
776 2465 888 2526 biga
908 2467 1252 2530 demadem—4
1287 2466 1419 2517 Cod.
1449 2466 1639 2516 Dalec.
1661 2464 1906 2528 inussisse,
1927 2463 2082 2513 alieno
2104 2477 2213 2512 usus
2243 2463 2499 2512 verbm—5

299 2526 596 2577 Glaucum
620 2529 742 2577 vet.
768 2530 947 2581 Dalec.

1303 2595 1352 2645 N
1361 2594 1522 2647 01*AE

357 2672 384 2706 ¹¹
421 2673 550 2730 Quoe
587 2673 857 2724 belli-..et
884 2675 1199 2740 trimphum]
1234 2676 1365 2727 Post
1509 2684 1534 2710 ⁰
1567 2675 1765 2740 Nicias]
1816 2674 1999 2725 Pictor
2040 2672 2401 2735 Atheniensis,
2442 2673 2510 2723 de

295 2748 565 2799 victoriam
589 2750 883 2803 Actiacam.
941 2755 1021 2802 De
1043 2753 1186 2804 bisce
1212 2754 1362 2803 tabu-

294 2826 374 2883 lis,
411 2833 629 2891 totoque
661 2828 910 2892 triumphi
946 2838 1223 2893 sppsrstu,
1255 2831 1361 2880 Dio

284 2903 386 2981 lib.
408 2916 489 2954 ιι.
513 2919 563 2968 ρ.
579 2908 695 2954 459.

356 2980 372 3014 ¹
400 2982 617 3032 Caesaris
645 2983 829 3046 patris]
864 2982 930 3033 P.
953 2984 1155 3046 Victor,
1178 2984 1230 3033 in
1252 2984 1362 3035 De·

294 3056 580 3120 scriptione
626 3059 826 3121 Roma»,
881 3059 1088 3121 regione
1141 3068 1361 3111 octsvaz

296 3132 314 3160 ‘
333 3132 612 3196 Templum
634 3134 670 3185 J
677 3135 766 3183 ulii
789 3134 1013 3184 Caesaris
1037 3135 1088 3185 in
1112 3135 1263 3186 foro-³

354 3218 393 3243 ¹¹¹
424 3210 490 3259 In
513 3211 745 3275 Comitio]
763 3212 1058 3269 Comitium,
1081 3214 1249 3277 inquit
1267 3213 1365 3264 As·

293 3288 477 3336 conius
512 3288 568 3336 in
609 3287 761 3338 Orat.
792 3302 880 3338 nr.
915 3297 1099 3339 contra
1122 3290 1360 3347 Verrem,

293 3363 437 3411 locus
463 3373 546 3413 est
571 3373 793 3428 propter
812 3365 1083 3429 Senatum,
1101 3381 1202 3430 quo
1218 3367 1361 3417 coire

291 3439 572 3504 Equitibus
595 3448 652 3492 et
678 3442 879 3504 Populo
904 3444 1051 3494 Rom.
1074 3443 1217 3492 licet.

355 3523 379 3548 ¹¹
417 3516 676 3580 Nemeam]
710 3516 871 3577 Νεμέα
905 3519 1055 3582 sylva
1100 3519 1359 3582 Pelopon·

290 3591 399 3639 nesi
423 3590 544 3655 fuit,
580 3592 631 3640 iu
656 3607 755 3655 qua
778 3594 977 3642 leonem
1000 3593 1257 3643 Hercules
1281 3594 1358 3644 in-

291 3666 504 3716 terfecit
522 3685 538 3717 z
570 3669 707 3716 unde
732 3669 785 3718 N
790 3682 986 3718 emeaea
1005 3684 1150 3719 sacra
1179 3679 1358 3733 postes

289 3744 578 3793 celebrata.
646 3744 720 3794 Ut
758 3759 913 3807 porro
947 3745 1102 3794 urbes
1138 3746 1276 3809 ipsas
1298 3761 1360 3796 ac

289 3822 544 3883 regiones,
557 3822 635 3871 sic
651 3821 894 3873 muliebri
917 3830 1057 3872 statu
1075 3823 1359 3888 hsbituque

290 3899 461 3961 sylvas
498 3899 703 3963 antiqui
738 3901 975 3962 pinxere,
1014 3914 1129 3949 cuni
1169 3900 1356 3964 insigni

287 3976 479 4038 aliquo,
520 3985 580 4025 ut
619 3977 847 4040 exempli
882 3976 1074 4040 grstia,
1109 3976 1357 4026 Nemeam

288 4064 405 4099 eum
451 4052 643 4114 palma,
683 4067 746 4101 ac
789 4052 956 4101 leone.
1048 4053 1250 4102 Pictam
1290 4054 1356 4103 ab

288 4126 660 4190 Aristophonte
688 4128 963 4184 Nemesm,
986 4143 1103 4192 quae
1130 4127 1358 4179 Alcibia-

289 4200 401 4250 dem
428 4204 480 4251 in
505 4204 781 4266 complexu
806 4218 902 4253 suo
926 4211 1150 4261 teneret,
1182 4207 1355 4269 prodi-

269 4278 363 4328 -dit
384 4279 709 4332 Plutarchus
733 4280 788 4328 in
809 4278 1104 4339 Alcibiade.
1128 4295 1181 4346 p.
1211 4286 1324 4334 199.

1444 2765 1547 2816 quo
1568 2749 1788 2801 inferius
1810 2754 1943 2802 sec't.
1963 2753 2049 2800 40.
2073 2764 2212 2799 num.
2232 2753 2316 2800 28.

1507 2834 1534 2869 1³
1567 2828 1826 2891 Inussisse]
1862 2827 1982 2877 Hoc
2015 2833 2114 2887 est,
2152 2826 2377 2888 pinxisse
2418 2838 2511 2875 en·

1441 2910 1673 2960 caustica
1695 2910 1916 2968 ratione,
1932 2907 2000 2957 de
2019 2921 2122 2970 qua
2132 2906 2366 2954 dicemus
2389 2919 2508 2969 csp.

1442 2988 1526 3034 89.
1591 2983 1868 3046 Inscripsit
1893 2983 1936 3031 is
1958 2983 2121 3045 igitur
2144 2982 2363 3044 geminae
2385 2980 2506 3030 huic

1443 3060 1634 3110 tabulae
1659 3074 1807 3110 suum
1825 3073 2014 3108 nomeu
2039 3058 2088 3106 in
2113 3058 2248 3106 hunc
2267 3057 2502 3106 modumz

1442 3142 1504 3186 Ο.
1557 3139 1789 3187 mltum.
1850 3138 2230 3184 ΕΝΕΚΑΤΣΕΝ.
2333 3132 2508 3195 Atque

1443 3212 1575 3263 sdeo
1595 3227 1626 3262 e
1650 3211 1819 3263 tribus
1841 3211 2106 3275 operibus,
2128 3225 2245 3276 quae
2270 3208 2510 3259 absolute

1442 3290 1607 3339 fuisse
1629 3290 1901 3353 inscripta,
1936 3301 2059 3338 run
2091 3300 2269 3344 ηοιτ,
2305 3286 2509 3358 Plinius

1439 3366 1691 3417 indicsvit
1715 3368 1767 3415 in
1787 3364 1949 3415 Pru-f.
1971 3364 2038 3414 sd
2055 3365 2246 3428 Titum,
2269 3365 2370 3415 duo
2392 3363 2508 3414 haec

1436 3452 1558 3492 sunt
1583 3440 1771 3506 Nieiae,
1808 3442 2020 3491 tertium
2060 3441 2296 3506 Lysippi,
2321 3441 2385 3490 de
2404 3455 2508 3506 quo

1437 3517 1653 3568 inferius
1677 3533 1797 3582 cap.
1821 3522 1904 3568 89.

1504 3603 1530 3638 ⁴2
1566 3593 1895 3656 Philet-hares]
1928 3591 2218 3657 Φιλοχάρης.

1504 3679 1525 3706 ¹·
1549 3671 1856 3721 Glaucionem
1859 3669 2136 3736 filiumque]
2160 3669 2344 3718 Pictos
2369 3668 2420 3716 in
2441 3682 2508 3719 ea

1438 3747 1650 3809 tabuls;
1683 3746 1910 3796 homines
1934 3744 2206 3807 ceteroqui
2228 3744 2506 3806 ignobiles3

1438 3838 1654 3890 quorum
1678 3825 1787 3873 laus
1811 3829 1920 3871 tots
1944 3822 2011 3869 ab
2036 3835 2098 3869 ea
2122 3821 2328 3882 pictura
2361 3834 2502 3870 com-

1439 3901 1807 3964 mendatioque
1831 3899 2044 3962 petitur·
2111 3898 2254 3946 Cave
2278 3897 2506 3962 Aristip-

1441 3991 1563 4040 pum
1589 3976 1857 4025 existimes
1874 3974 2243 4037 Philosophum
2266 3989 2382 4023 eum
2401 3976 2505 4040 Cy·

1439 4068 1668 4102 renaeuui
1706 4065 1840 4107 esse,
1875 4050 2025 4112 cujus
2066 4050 2220 4100 vitam
2262 4050 2502 4100 Lsiirtius

1438 4129 1707 4190 describit,
1754 4127 1843 4177 lib.
1883 4141 1945 4176 u.
1985 4141 2039 4190 p.
2077 4130 2161 4176 49.
2197 4141 2313 4177 cum
2352 4129 2500 4192 hujus

1440 4217 1641 4272 patrem
1665 4203 1849 4254 Suidss
1872 4200 2117 4267 ’Apa-‹ffiv
2141 4209 2309 4253 vocet.

1500 4292 1519 4320 ⁸
1555 4283 1688 4341 Quas
1708 4297 1819 4332 mox
1840 4280 2178 4348 indicabimus]
2211 4279 2341 4344 Cap.
2362 4284 2449 4335 40.
