3000 4917
388 338 400 354 ’
507 380 681 447 4543

1232 396 1295 444 0.
1342 396 1589 445 PLINII
1639 396 1969 446 sucum„

508 540 705 622 longo
747 558 897 604 aevo
946 538 1262 603 durantes
1305 541 1374 604 in
1416 541 1700 605 orbitate
1731 541 1920 621 tecti,
1947 540 2150 605 veluti
2181 547 2512 607 recentes,
2601 542 2715 608 Βία·

510 643 755 708 militer
799 642 1110 719 Lanuvii,
1162 642 1283 706 ubi
1312 639 1633 707 Atalante
1681 648 1747 707 et
1792 642 2054 707 Helena
2077 641 2105 680 ¹’
2146 645 2453 709 cominus
2500 645 2709 728 pictae

512 751 670 807 sunt
726 744 923 809 nudae
985 745 1074 809 ab
1131 744 1371 809 eodem
1446 745 1725 823 artifice,
1785 754 2068 830 utraque
2139 738 2711 812 excellentissima

507 844 750 923 forma,
793 845 910 910 sed
955 848 1166 911 altera
1208 853 1284 911 ut
1320 849 1540 930 virgo:
1587 868 1668 912 ne
1705 848 1916 912 ruinis
1960 847 2225 930 quidem
2273 849 2504 933 templi
2547 868 2711 913 con-

515 967 759 1014 cussae.
846 947 1057 1013 Caius
1085 949 1484 1032 princeps¹e
1528 970 1649 1015 eas
1694 951 1925 1015 tollere
1957 957 2244 1015 conatus
2272 957 2397 1028 est,
2429 951 2711 1017 libidine

512 1069 864 1127 accensus»,
894 1051 951 1114 si
982 1051 1237 1116 tectorii
1266 1057 1501 1116 natura
1529 1053 1967 1134 permisisset.
2058 1045 2312 1117 Dura'nt
2356 1059 2426 1118 et
2461 1051 2715 1130 Caere,‘¹

513 1152 930 1234 antiquiores
980 1151 1179 1236 ipsae.
1269 1153 1785 1238 Fatebiturque,
1838 1155 2145 1238 quisquis
2194 1173 2312 1219 eas
2359 1155 2717 1236 diligenter

514 1254 970 1332 aestimaverit,
1019 1255 1270 1320 nullam
1320 1253 1557 1320 artium
1608 1257 1898 1322 celerius
1950 1261 2504 1332 consummatam,
2556 1275 2717 1320 cum·

513 1356 748 1421 Iliacis
776 1359 1230 1440 temporibus⁶
1274 1377 1403 1422 non
1434 1356 1645 1423 fuisse
1672 1378 1818 1422 eam
1851 1362 2196 1441 appareat.

600 1475 741 1523 vn.
782 1457 961 1544 (lv.)
999 1457 1203 1543 Apud
1252 1459 1597 1524 Romanos
1649 1479 1920 1544 quoque
1970 1460 2184 1525 honos
2237 1466 2502 1525 mature
2551 1459 2715 1525 huic

512 1562 639 1625 arti
663 1561 963 1643 contigit.
1018 1585 1022 1591 ·
1052 1561 1400 1645 Siquidem
1434 1564 1838 1644 cognomina
1866 1581 1953 1627 ex
1990 1582 2073 1627 ea
2101 1562 2447 1627 Pictorum
2468 1559 2492 1599 f
2531 1568 2713 1626 trax-

514 1669 698 1728 erunt
733 1662 932 1727 Fabii
959 1663 1351 1731 clarissimae
1381 1667 1623 1746 gentis»,
1668 1664 2125 1748 princepsque
2170 1664 2341 1748 ejuS,
2376 1664 2713 1747 cognomi-

511 1764 620 1829 nis
646 1763 821 1847 ipse,
853 1764 1069 1829 aedem
1099 1765 1358 1831 Salutis
1377 1774 1405 1815 ὅ
1448 1766 1670 1851 pinxit
1700 1787 1871 1832 anno
1894 1767 2099 1832 Urbis
2130 1767 2419 1832 conditae
2453 1784 2636 1831 cccc
2648 1785 2713 1832 ι..

513 1886 670 1951 quae
718 1866 983 1950 pictura
1010 1867 1277 1932 duravit
1319 1866 1405 1931 ad
1447 1875 1745 1933 nostram
1790 1869 2202 1947 memoriam,
2224 1868 2395 1934 ‘aede
2441 1868 2715 1934 Claudii

510 1969 892 2053 principatu
923 1977 1192 2034 exusta.
1280 1969 1602 2036 Proxime
1631 1971 1971 2036 celebrata
2013 1975 2144 2053 est,
2189 1971 2261 2036 in
2309 1969 2487 2035 Foro
2538 1971 2714 2037 Boa-

1424 2164 1790 2188 &metuente

581 2297 716 2347 CAP.
740 2311 820 2346 vr.
890 2301 916 2345 1
953 2297 1039 2346 Ita
1074 2310 1139 2345 ex
1161 2296 1313 2347 codd.
1353 2298 1656 2348 Harduinus
1692 2306 1748 2349 et
1784 2306 2008 2350 recentt.
2059 2300 2227 2362 virgo.-
2259 2314 2319 2348 ne
2350 2298 2509 2348 ruinis
2530 2300 2721 2362 quidem

513 2363 677 2425 templi
697 2377 943 2412 concresse.
1009 2362 1216 2413 Pontias
1234 2363 1419 2425 legatas
1439 2364 1549 2414 Caii
1566 2365 1798 2428 principis
1812 2366 2041 2414 Gronov.
2062 2372 2118 2416 et
2142 2365 2315 2429 yulgg.
2367 2365 2507 2427 virgo
2523 2380 2540 2413 .·
2571 2366 2722 2413 nomi·

514 2426 591 2476 nis
613 2428 800 2490 quidem
816 2427 956 2477 tacui
977 2428 1181 2477 Pontius
1197 2428 1382 2490 legatus
1402 2429 1516 2479 Caii
1531 2430 1765 2493 principis
1787 2429 1904 2480 cod.
1929 2430 2112 2479 Dalee.

1509 2621 1730 2673 NOTIE

515 2752 706 2817 quendi
741 2753 963 2802 diximus
1000 2755 1051 2802 in
1088 2754 1247 2805 Notis
1274 2760 1333 2804 et
1357 2753 1575 2805 Emend.

516 2827 582 2877 ad
608 2829 697 2877 lib.
724 2843 882 2879 xxrv.
905 2845 1046 2879 num.
1066 2835 1146 2880 12.

579 2904 605 2939 ὓ
636 2906 864 2957 Atalante
903 2913 952 2957 et
1006 2905 1221 2969 Heleno]
1279 2906 1413 2957 Haec
1452 2906 1576 2957 belli

515 2982 729 3045 Trojani
754 2998 931 3046 causa,
964 2983 1055 3031 illa
1085 2984 1199 3046 apri
1221 2983 1462 3033 AEtoliam
1485 2982 1576 3033 de-

517 3059 788 3119 vastantis,
819 3066 878 3109 ut
899 3057 1076 3109 ferunt
1096 3057 1309 3114 fabulae,
1337 3059 1578 3108 vulnera·

516 3133 644 3196 trix,
665 3148 696 3183 a
721 3133 990 3198 Meleagro
1010 3132 1197 3182 deinde
1221 3133 1479 3183 adamata.

580 3218 604 3246 θ
640 3211 789 3261 Caius
820 3210 1063 3274 princeps]
1093 3209 1182 3261 Sic
1218 3209 1427 3260 codices
1458 3224 1578 3261 nos-

516 3287 588 3335 tri
628 3301 822 3342 omnes,
859 3301 921 3336 ae
957 3286 1212 3336 Plotiani.
1277 3287 1359 3335 Ex
1399 3285 1581 3349 inepta

519 3360 850 3426 superiorum
875 3377 1057 3412 vocum
1092 3362 1404 3426 repetitione
1438 3360 1580 3412 fece·

518 3446 641 3488 rant
677 3437 840 3488 Plinii
876 3438 1124 3500 editores,
1158 3438 1366 3488 Pontias
1395 3439 1582 3500 legatas

525 3515 639 3566 Gaii
651 3515 901 3580 principis.

582 3591 610 3627 ‘¹
641 3593 837 3643 Duravit
867 3597 916 3642 et
957 3592 1117 3656 Cere]
1158 3593 1304 3644 Urbe
1337 3594 1583 3653 Etruriae,

522 3668 590 3719 de
613 3684 717 3734 qua
738 3669 830 3719 lib.
853 3683 940 3720 ιιι.
962 3670 1014 3718 in
1038 3670 1432 3734 Geographicis.

584 3753 607 3779 θ
643 3747 763 3796 Cum
799 3746 965 3796 Iliacis
1007 3746 1316 3812 temporibus]
1379 3746 1583 3800 Quibus

521 3822 851 3886 temporibus
895 3823 949 3871 in
992 3822 1212 3873 Achillis
1248 3824 1436 3888 clypeo
1477 3839 1583 3874 cae·

519 3898 743 3948 laturam
767 3900 1006 3950 extitisse
1027 3900 1248 3949 vidimus
1265 3902 1419 3964 paulo
1442 3908 1586 3951 ante.

586 3973 607 4009 f
634 3975 902 4039 Pictorum]
917 3977 1089 4040 Caput
1099 3977 1453 4041 princepsque
1466 3992 1586 4042 gen·

522 4051 595 4103 tis
616 4052 677 4101 C.
703 4051 912 4114 Fabius,
933 4052 1011 4101 Μ.
1036 4052 1095 4101 F.
1129 4054 1218 4117 qni
1243 4051 1439 4117 p'rimus
1464 4054 1586 4104 Pie-

524 4135 611 4178 tor
632 4142 662 4176 e
685 4142 741 4176 re
777 4128 888 4192 ipsa
922 4130 1327 4190 cognominatus,
1357 4130 1495 4194 quod
1519 4146 1584 4180 ae-

525 4205 644 4254 dem
681 4203 875 4253 Salutis
908 4202 1095 4266 pinxit,
1125 4218 1277 4268 quam
1302 4206 1363 4254 C.
1398 4206 1587 4257 Junius

526 4280 797 4331 Bubulcus
822 4280 1021 4330 Censor
1052 4280 1272 4344 locarat,
1293 4278 1589 4333 dedicarat-

1657 2767 1779 2817 que,
1829 2767 1963 2803 auno
2007 2752 2168 2803 Urbis
2212 2762 2398 2802 cccct..
2440 2765 2560 2801 cum
2605 2764 2722 2800 eam

1657 2830 1849 2881 Consul
1910 2830 2219 2879 Samnitium
2281 2829 2420 2879 bello
2476 2826 2750 2879 vovisset..

1658 2904 1862 2955 Auctor
1880 2905 2052 2956 Livius
2070 2905 2162 2955 lib.
2180 2919 2237 2955 x.
2255 2920 2379 2970 pag.
2396 2908 2512 2955 170.
2563 2904 2723 2954 Filius

1657 2984 1706 3032 ei
1747 2981 1849 3033 fnit
1886 2984 1947 3033 C.
1994 2983 2184 3033 Fabius
2228 2984 2430 3039 Pictor,
2473 2981 2566 3047 qui
2605 2994 2725 3030 cum

1659 3060 1885 3124 Ogulnio
1918 3058 2134 3124 Collega
2158 3059 2217 3108 ⁴in
2257 3058 2539 3110 Consulatu
2579 3072 2722 3106 num·

1656 3150 1795 3184 mum
1829 3142 2135 3198 argenteum
2178 3135 2346 3199 primo
2384 3133 2512 3184 cudi
2548 3131 2726 3197 jusslt,

1658 3219 1718 3261 ut
1751 3211 1975 3262 diximus
2018 3225 2230 3263 xxxm.
2267 3215 2349 3261 1⁸.
2388 3224 2527 3261 anno
2563 3209 2726 3263 Urbis

1658 3302 2006 3340 ccccuxxv.
2070 3290 2152 3339 Ex
2183 3290 2285 3339 hac
2323 3295 2496 3339 ortum
2527 3285 2726 3339 familia

1659 3373 1868 3417 constat
1902 3368 1970 3419 Q.
2007 3366 2223 3416 Fabium
2258 3365 2544 3423 Pictorem,
2571 3377 2724 3429 quem

1659 3442 1713 3491 in
1732 3441 2021 3491 Auctorum
2042 3441 2228 3490 Indice
2245 3440 2595 3491 Romanorum
2618 3452 2727 3487 om·

1660 3518 1799 3567 nium
1822 3517 2051 3567 historia
2084 3517 2407 3567 conditorum
2431 3514 2728 3580 antiquissi-

1660 3609 1799 3645 mum
1815 3607 1927 3643 esse
1944 3593 2184 3643 diximus.
2224 3593 2354 3642 Post
2368 3591 2572 3641 cladem
2590 3591 2728 3641 Can-

1663 3683 1894 3732 nensem,
1911 3684 2026 3734 qum
2043 3669 2266 3732 contigit
2289 3681 2426 3718 anno
2438 3679 2728 3716 nxxxvm.

1663 3746 1848 3797 missus
1890 3752 1968 3796 est
2021 3745 2258 3809 Delphos
2303 3744 2370 3794 ad
2425 3742 2728 3807 Apollinem

1664 3825 1911 3888 Legatos.
1979 3823 2117 3872 Vide
2138 3823 2203 3871 de
2228 3827 2343 3872 tota
2364 3835 2428 3869 ea
2455 3820 2729 3869 Pictorum

1664 3900 1858 3949 familia
1880 3900 2031 3963 plura
2061 3897 2200 3961 apud
2223 3897 2352 3948 Ger.
2374 3897 2461 3949 Jo.
2486 3895 2731 3945 Vossium

1667 3975 1734 4026 de
1757 3976 1899 4027 Hist.
1921 3978 2036 4026 Lat.
2060 3989 2100 4024 ι.
2126 3979 2176 4025 8.
2596 4012 2603 4017 .

1716 4061 1758 4097 «3
1789 4054 1961 4104 AEdens
2003 4050 2218 4114 Salutis]
2279 4049 2519 4113 Regione
2573 4046 2733 4099 Urbis

1667 4137 1841 4180 sexta:
1868 4136 1883 4159 ‘
1894 4129 2167 4192 Templum
2181 4127 2369 4176 Salutis
2388 4126 2441 4174 in
2458 4126 2595 4175 colle
2609 4125 2732 4177 Qni-

1669 4207 1870 4268 rinale,’
1896 4209 2062 4274 iuquit
2083 4208 2148 4259 P.
2171 4206 2358 4256 Victor
2380 4205 2441 4254 >iu
2463 4203 2743 4266 Descript.

1670 4285 1870 4335 Romae.
