<?xml version="1.0" encoding="UTF-8"?>
<!DOCTYPE html PUBLIC "-//W3C//DTD XHTML 1.0 Transitional//EN"
    "http://www.w3.org/TR/xhtml1/DTD/xhtml1-transitional.dtd">
<html xmlns="http://www.w3.org/1999/xhtml" xml:lang="en" lang="en">
 <head>
  <title>
</title>
<meta http-equiv="Content-Type" content="text/html;charset=utf-8" />
  <meta name='ocr-system' content='tesseract 3.04.00' />
  <meta name='ocr-capabilities' content='ocr_page ocr_carea ocr_par ocr_line ocrx_word'/>
</head>
<body>
  <div class='ocr_page' id='page_1' title='image "./cpliniisecundin01valpgoog_0726.png"; bbox 0 0 3000 4917; ppageno 0'>
   <div class='ocr_carea' id='block_1_1' title="bbox 484 356 660 428">
    <p class='ocr_par' dir='ltr' id='par_1_1' title="bbox 484 356 660 428">
     <span class='ocr_line' id='line_1_1' title="bbox 484 356 660 428; baseline -0.011 0"><span class='ocrx_word' id='word_1_1' title='bbox 484 356 660 428; x_wconf 75' lang='lat'>5010</span> 
     </span>
    </p>
   </div>
   <div class='ocr_carea' id='block_1_2' title="bbox 474 514 1560 4324">
    <p class='ocr_par' dir='ltr' id='par_1_2' title="bbox 474 514 1555 1419">
     <span class='ocr_line' id='line_1_2' title="bbox 485 514 1550 580; baseline -0.003 -14"><span class='ocrx_word' id='word_1_2' title='bbox 485 529 637 580; x_wconf 76' lang='lat' dir='ltr'><strong>aeque</strong></span> <span class='ocrx_word' id='word_1_3' title='bbox 660 514 769 566; x_wconf 83' lang='lat' dir='ltr'><strong>alta</strong></span> <span class='ocrx_word' id='word_1_4' title='bbox 781 514 898 565; x_wconf 59' lang='lat' dir='ltr'><strong>est?</strong></span> <span class='ocrx_word' id='word_1_5' title='bbox 924 515 988 565; x_wconf 91' lang='lat' dir='ltr'><strong>In</strong></span> <span class='ocrx_word' id='word_1_6' title='bbox 1004 515 1305 566; x_wconf 76' lang='lat' dir='ltr'><strong>Mercatore</strong></span> <span class='ocrx_word' id='word_1_7' title='bbox 1325 531 1339 563; x_wconf 71' lang='grc' dir='ltr'><strong>ι</strong></span> <span class='ocrx_word' id='word_1_8' title='bbox 1359 515 1375 541; x_wconf 89' lang='lat'>‘</span> <span class='ocrx_word' id='word_1_9' title='bbox 1397 516 1550 570; x_wconf 88' lang='grc' dir='ltr'><strong>Μοιι-</strong></span> 
     </span>
     <span class='ocr_line' id='line_1_3' title="bbox 483 591 1553 660; baseline -0.003 -19"><span class='ocrx_word' id='word_1_10' title='bbox 483 598 565 641; x_wconf 87' lang='lat' dir='ltr'><strong>tes</strong></span> <span class='ocrx_word' id='word_1_11' title='bbox 603 598 662 641; x_wconf 88' lang='lat' dir='ltr'><strong>tu</strong></span> <span class='ocrx_word' id='word_1_12' title='bbox 695 592 905 656; x_wconf 88' lang='lat' dir='ltr'><strong>quidem</strong></span> <span class='ocrx_word' id='word_1_13' title='bbox 940 593 1060 641; x_wconf 90' lang='lat' dir='ltr'><strong>mali</strong></span> <span class='ocrx_word' id='word_1_14' title='bbox 1097 592 1341 660; x_wconf 78' lang='lat' dir='ltr'><strong>ardentes</strong></span> <span class='ocrx_word' id='word_1_15' title='bbox 1379 591 1430 640; x_wconf 89' lang='lat' dir='ltr'><strong>in</strong></span> <span class='ocrx_word' id='word_1_16' title='bbox 1467 606 1553 639; x_wconf 88' lang='lat' dir='ltr'><strong>me</strong></span> 
     </span>
     <span class='ocr_line' id='line_1_4' title="bbox 474 667 1554 733; baseline -0.002 -16"><span class='ocrx_word' id='word_1_17' title='bbox 474 668 787 733; x_wconf 84' lang='lat' dir='ltr'><strong>jamdudum</strong></span> <span class='ocrx_word' id='word_1_18' title='bbox 802 668 976 732; x_wconf 69' lang='lat' dir='ltr'><strong>jacis?</strong></span> <span class='ocrx_word' id='word_1_19' title='bbox 1042 669 1150 718; x_wconf 88' lang='lat' dir='ltr'><strong>Sub</strong></span> <span class='ocrx_word' id='word_1_20' title='bbox 1174 669 1351 724; x_wconf 84' lang='lat' dir='ltr'><strong>AEtua,</strong></span> <span class='ocrx_word' id='word_1_21' title='bbox 1393 667 1554 731; x_wconf 86' lang='lat' dir='ltr'><strong>Lipa-</strong></span> 
     </span>
     <span class='ocr_line' id='line_1_5' title="bbox 484 742 1553 805; baseline -0.001 -12"><span class='ocrx_word' id='word_1_22' title='bbox 484 744 723 793; x_wconf 81' lang='lat' dir='ltr'>rensibus</span> <span class='ocrx_word' id='word_1_23' title='bbox 747 745 950 804; x_wconf 84' lang='lat' dir='ltr'><strong>insulis,</strong></span> <span class='ocrx_word' id='word_1_24' title='bbox 972 751 1029 794; x_wconf 91' lang='lat' dir='ltr'><strong>et</strong></span> <span class='ocrx_word' id='word_1_25' title='bbox 1048 744 1365 805; x_wconf 89' lang='lat' dir='ltr'><strong>Puteolano,</strong></span> <span class='ocrx_word' id='word_1_26' title='bbox 1396 742 1553 792; x_wconf 87' lang='lat' dir='ltr'><strong>Baia-</strong></span> 
     </span>
     <span class='ocr_line' id='line_1_6' title="bbox 483 820 1552 884; baseline 0 -15"><span class='ocrx_word' id='word_1_27' title='bbox 483 834 660 884; x_wconf 86' lang='lat' dir='ltr'><strong>noque</strong></span> <span class='ocrx_word' id='word_1_28' title='bbox 705 834 826 882; x_wconf 83' lang='lat' dir='ltr'><strong>agro</strong></span> <span class='ocrx_word' id='word_1_29' title='bbox 862 822 1117 884; x_wconf 73' lang='lat' dir='ltr'><strong>Typhona</strong></span> <span class='ocrx_word' id='word_1_30' title='bbox 1152 820 1432 883; x_wconf 83' lang='lat' dir='ltr'><strong>Gigantem</strong></span> <span class='ocrx_word' id='word_1_31' title='bbox 1470 834 1552 869; x_wconf 86' lang='lat' dir='ltr'><strong>se·</strong></span> 
     </span>
     <span class='ocr_line' id='line_1_7' title="bbox 482 895 1552 960; baseline -0.001 -14"><span class='ocrx_word' id='word_1_32' title='bbox 482 898 687 960; x_wconf 84' lang='lat' dir='ltr'><strong>pultum</strong></span> <span class='ocrx_word' id='word_1_33' title='bbox 710 895 870 947; x_wconf 86' lang='lat' dir='ltr'><strong>fuisse</strong></span> <span class='ocrx_word' id='word_1_34' title='bbox 883 912 949 947; x_wconf 81' lang='lat' dir='ltr'><strong>ex</strong></span> <span class='ocrx_word' id='word_1_35' title='bbox 966 896 1196 952; x_wconf 78' lang='lat' dir='ltr'><strong>Pindaro</strong></span> <span class='ocrx_word' id='word_1_36' title='bbox 1217 897 1406 946; x_wconf 86' lang='lat' dir='ltr'><strong>Strabo</strong></span> <span class='ocrx_word' id='word_1_37' title='bbox 1423 896 1552 947; x_wconf 86' lang='lat' dir='ltr'><strong>scri·</strong></span> 
     </span>
     <span class='ocr_line' id='line_1_8' title="bbox 484 973 1552 1024; baseline -0.001 -1"><span class='ocrx_word' id='word_1_38' title='bbox 484 973 570 1024; x_wconf 84' lang='lat' dir='ltr'><strong>bit</strong></span> <span class='ocrx_word' id='word_1_39' title='bbox 586 973 678 1023; x_wconf 93' lang='lat' dir='ltr'><strong>lib.</strong></span> <span class='ocrx_word' id='word_1_40' title='bbox 701 987 780 1024; x_wconf 74' lang='lat' dir='ltr'><strong>lv.</strong></span> <span class='ocrx_word' id='word_1_41' title='bbox 838 973 1107 1024; x_wconf 86' lang='lat' dir='ltr'><strong>Cornelius</strong></span> <span class='ocrx_word' id='word_1_42' title='bbox 1134 980 1307 1023; x_wconf 82' lang='lat' dir='ltr'><strong>autem</strong></span> <span class='ocrx_word' id='word_1_43' title='bbox 1330 974 1552 1023; x_wconf 84' lang='lat' dir='ltr'><strong>Severus</strong></span> 
     </span>
     <span class='ocr_line' id='line_1_9' title="bbox 487 1049 1553 1113; baseline -0.002 -13"><span class='ocrx_word' id='word_1_44' title='bbox 487 1050 542 1100; x_wconf 89' lang='lat' dir='ltr'><strong>in</strong></span> <span class='ocrx_word' id='word_1_45' title='bbox 564 1051 723 1101; x_wconf 86' lang='lat' dir='ltr'><strong>AEtna</strong></span> <span class='ocrx_word' id='word_1_46' title='bbox 745 1051 1066 1102; x_wconf 73' lang='lat' dir='ltr'><strong>Enceladum</strong></span> <span class='ocrx_word' id='word_1_47' title='bbox 1089 1068 1101 1098; x_wconf 88' lang='lat'>=</span> <span class='ocrx_word' id='word_1_48' title='bbox 1147 1053 1161 1078; x_wconf 92' lang='lat'>‘</span> <span class='ocrx_word' id='word_1_49' title='bbox 1180 1049 1407 1113; x_wconf 82' lang='lat' dir='ltr'><strong>Gurgite</strong></span> <span class='ocrx_word' id='word_1_50' title='bbox 1437 1050 1553 1099; x_wconf 88' lang='lat' dir='ltr'><strong>Tri-</strong></span> 
     </span>
     <span class='ocr_line' id='line_1_10' title="bbox 484 1125 1553 1189; baseline -0.002 -13"><span class='ocrx_word' id='word_1_51' title='bbox 484 1127 663 1176; x_wconf 86' lang='lat' dir='ltr'><strong>nacrio</strong></span> <span class='ocrx_word' id='word_1_52' title='bbox 677 1127 980 1177; x_wconf 88' lang='lat' dir='ltr'><strong>morientem</strong></span> <span class='ocrx_word' id='word_1_53' title='bbox 995 1126 1029 1178; x_wconf 85' lang='lat' dir='ltr'>J</span> <span class='ocrx_word' id='word_1_54' title='bbox 1035 1126 1246 1189; x_wconf 88' lang='lat' dir='ltr'><strong>uppiter</strong></span> <span class='ocrx_word' id='word_1_55' title='bbox 1258 1126 1425 1175; x_wconf 82' lang='lat' dir='ltr'><strong>AEtnoe</strong></span> <span class='ocrx_word' id='word_1_56' title='bbox 1441 1125 1553 1174; x_wconf 91' lang='lat' dir='ltr'><strong>Ob·</strong></span> 
     </span>
     <span class='ocr_line' id='line_1_11' title="bbox 488 1200 1553 1265; baseline -0.002 -13"><span class='ocrx_word' id='word_1_57' title='bbox 488 1203 596 1252; x_wconf 86' lang='lat' dir='ltr'><strong>ruit</strong></span> <span class='ocrx_word' id='word_1_58' title='bbox 639 1202 981 1264; x_wconf 78' lang='lat' dir='ltr'><strong>Enceladum,</strong></span> <span class='ocrx_word' id='word_1_59' title='bbox 1020 1201 1155 1251; x_wconf 82' lang='lat' dir='ltr'><strong>vasti</strong></span> <span class='ocrx_word' id='word_1_60' title='bbox 1191 1202 1280 1265; x_wconf 87' lang='lat' dir='ltr'><strong>qui</strong></span> <span class='ocrx_word' id='word_1_61' title='bbox 1320 1200 1553 1264; x_wconf 86' lang='lat' dir='ltr'><strong>pondere</strong></span> 
     </span>
     <span class='ocr_line' id='line_1_12' title="bbox 486 1277 1555 1343; baseline -0.001 -14"><span class='ocrx_word' id='word_1_62' title='bbox 486 1281 682 1329; x_wconf 86' lang='lat' dir='ltr'><strong>montis</strong></span> <span class='ocrx_word' id='word_1_63' title='bbox 700 1281 917 1342; x_wconf 86' lang='lat' dir='ltr'><strong>AEstuat,</strong></span> <span class='ocrx_word' id='word_1_64' title='bbox 940 1287 994 1329; x_wconf 87' lang='lat' dir='ltr'><strong>et</strong></span> <span class='ocrx_word' id='word_1_65' title='bbox 1012 1278 1203 1343; x_wconf 85' lang='lat' dir='ltr'><strong>patulis</strong></span> <span class='ocrx_word' id='word_1_66' title='bbox 1218 1278 1426 1343; x_wconf 80' lang='lat' dir='ltr'><strong>expirat</strong></span> <span class='ocrx_word' id='word_1_67' title='bbox 1442 1277 1555 1328; x_wconf 81' lang='lat' dir='ltr'><strong>fau·</strong></span> 
     </span>
     <span class='ocr_line' id='line_1_13' title="bbox 490 1355 1031 1419; baseline -0.004 -14"><span class='ocrx_word' id='word_1_68' title='bbox 490 1355 639 1405; x_wconf 83' lang='lat' dir='ltr'><strong>cibus</strong></span> <span class='ocrx_word' id='word_1_69' title='bbox 663 1356 825 1419; x_wconf 86' lang='lat' dir='ltr'><strong>ignes.</strong></span> <span class='ocrx_word' id='word_1_70' title='bbox 828 1355 844 1377; x_wconf 90' lang='lat'>&#39;</span> <span class='ocrx_word' id='word_1_71' title='bbox 877 1355 1031 1405; x_wconf 81' lang='lat' dir='ltr'><strong>Idem.</strong></span> 
     </span>
    </p>

    <p class='ocr_par' dir='ltr' id='par_1_3' title="bbox 487 1429 1554 1573">
     <span class='ocr_line' id='line_1_14' title="bbox 560 1429 1554 1495; baseline -0.004 -12"><span class='ocrx_word' id='word_1_72' title='bbox 560 1432 759 1495; x_wconf 79' lang='lat' dir='ltr'><strong>Crater]</strong></span> <span class='ocrx_word' id='word_1_73' title='bbox 780 1433 874 1483; x_wconf 90' lang='lat' dir='ltr'><strong>Est</strong></span> <span class='ocrx_word' id='word_1_74' title='bbox 892 1446 1119 1483; x_wconf 87' lang='lat' dir='ltr'><strong>summus</strong></span> <span class='ocrx_word' id='word_1_75' title='bbox 1138 1430 1348 1482; x_wconf 88' lang='lat' dir='ltr'><strong>verticis</strong></span> <span class='ocrx_word' id='word_1_76' title='bbox 1363 1429 1554 1482; x_wconf 84' lang='lat' dir='ltr'><strong>hiatus.</strong></span> 
     </span>
     <span class='ocr_line' id='line_1_15' title="bbox 487 1508 778 1573; baseline -0.004 -14"><span class='ocrx_word' id='word_1_77' title='bbox 487 1508 778 1573; x_wconf 77' lang='lat' dir='ltr'><strong>Dalecamp.</strong></span> 
     </span>
    </p>

    <p class='ocr_par' dir='ltr' id='par_1_4' title="bbox 485 1584 1555 1867">
     <span class='ocr_line' id='line_1_16' title="bbox 559 1584 1555 1649; baseline -0.003 -12"><span class='ocrx_word' id='word_1_78' title='bbox 559 1585 838 1648; x_wconf 83' lang='lat' dir='ltr'><strong>Camarina]</strong></span> <span class='ocrx_word' id='word_1_79' title='bbox 879 1586 1100 1649; x_wconf 80' lang='lat' dir='ltr'><strong>Virgilio</strong></span> <span class='ocrx_word' id='word_1_80' title='bbox 1138 1584 1331 1634; x_wconf 89' lang='lat' dir='ltr'><strong>dicitur</strong></span> <span class='ocrx_word' id='word_1_81' title='bbox 1371 1586 1555 1635; x_wconf 77' lang='lat' dir='ltr'><strong>Came·</strong></span> 
     </span>
     <span class='ocr_line' id='line_1_17' title="bbox 487 1660 1554 1726; baseline -0.006 -13"><span class='ocrx_word' id='word_1_82' title='bbox 487 1664 653 1713; x_wconf 84' lang='lat' dir='ltr'><strong>rina.</strong></span> <span class='ocrx_word' id='word_1_83' title='bbox 710 1664 726 1691; x_wconf 89' lang='lat'>‘</span> <span class='ocrx_word' id='word_1_84' title='bbox 760 1663 1000 1726; x_wconf 81' lang='lat' dir='ltr'><strong>Apparet</strong></span> <span class='ocrx_word' id='word_1_85' title='bbox 1046 1662 1321 1711; x_wconf 87' lang='lat' dir='ltr'><strong>Camerina</strong></span> <span class='ocrx_word' id='word_1_86' title='bbox 1356 1660 1554 1723; x_wconf 86' lang='lat' dir='ltr'><strong>procul,</strong></span> 
     </span>
     <span class='ocr_line' id='line_1_18' title="bbox 485 1735 1554 1802; baseline -0.002 -15"><span class='ocrx_word' id='word_1_87' title='bbox 485 1739 761 1802; x_wconf 82' lang='lat' dir='ltr'><strong>campique</strong></span> <span class='ocrx_word' id='word_1_88' title='bbox 785 1736 1393 1801; x_wconf 85' lang='lat' dir='ltr'><strong>Geloni:1mmanisque</strong></span> <span class='ocrx_word' id='word_1_89' title='bbox 1417 1735 1554 1785; x_wconf 87' lang='lat' dir='ltr'><strong>Gelo</strong></span> 
     </span>
     <span class='ocr_line' id='line_1_19' title="bbox 490 1814 1345 1867; baseline -0.001 -1"><span class='ocrx_word' id='word_1_90' title='bbox 490 1814 641 1866; x_wconf 79' lang='lat' dir='ltr'><strong>fluvii</strong></span> <span class='ocrx_word' id='word_1_91' title='bbox 666 1818 733 1866; x_wconf 89' lang='lat' dir='ltr'><strong>de</strong></span> <span class='ocrx_word' id='word_1_92' title='bbox 757 1817 961 1866; x_wconf 88' lang='lat' dir='ltr'><strong>nomine</strong></span> <span class='ocrx_word' id='word_1_93' title='bbox 984 1814 1159 1867; x_wconf 60' lang='grc' dir='ltr'><strong>(Ποῖα)</strong></span> <span class='ocrx_word' id='word_1_94' title='bbox 1194 1815 1345 1865; x_wconf 83' lang='lat' dir='ltr'><strong>Idem.</strong></span> 
     </span>
    </p>

    <p class='ocr_par' dir='ltr' id='par_1_5' title="bbox 491 1890 1556 2093">
     <span class='ocr_line' id='line_1_20' title="bbox 558 1890 1556 1954; baseline -0.002 -13"><span class='ocrx_word' id='word_1_95' title='bbox 558 1892 791 1954; x_wconf 71' lang='lat' dir='ltr'><strong>AEtlrusa]</strong></span> <span class='ocrx_word' id='word_1_96' title='bbox 828 1892 1071 1941; x_wconf 85' lang='lat' dir='ltr'><strong>Grandolo</strong></span> <span class='ocrx_word' id='word_1_97' title='bbox 1088 1891 1259 1941; x_wconf 82' lang='lat' dir='ltr'><strong>bodie.</strong></span> <span class='ocrx_word' id='word_1_98' title='bbox 1324 1890 1464 1941; x_wconf 86' lang='lat' dir='ltr'><strong>Huic</strong></span> <span class='ocrx_word' id='word_1_99' title='bbox 1481 1890 1556 1940; x_wconf 85' lang='lat' dir='ltr'><strong>vi·</strong></span> 
     </span>
     <span class='ocr_line' id='line_1_21' title="bbox 491 1967 1555 2024; baseline -0.001 -7"><span class='ocrx_word' id='word_1_100' title='bbox 491 1968 612 2018; x_wconf 87' lang='lat' dir='ltr'><strong>cina</strong></span> <span class='ocrx_word' id='word_1_101' title='bbox 651 1969 786 2018; x_wconf 87' lang='lat' dir='ltr'><strong>AEoli</strong></span> <span class='ocrx_word' id='word_1_102' title='bbox 826 1968 1010 2024; x_wconf 85' lang='lat' dir='ltr'><strong>insula,</strong></span> <span class='ocrx_word' id='word_1_103' title='bbox 1050 1967 1204 2018; x_wconf 86' lang='lat' dir='ltr'><strong>bodie</strong></span> <span class='ocrx_word' id='word_1_104' title='bbox 1247 1968 1555 2018; x_wconf 82' lang='lat' dir='ltr'><strong>Palandcria.</strong></span> 
     </span>
     <span class='ocr_line' id='line_1_22' title="bbox 492 2044 621 2093; baseline -0.009 0"><span class='ocrx_word' id='word_1_105' title='bbox 492 2044 621 2093; x_wconf 88' lang='lat' dir='ltr'><strong>Dal.</strong></span> 
     </span>
    </p>

    <p class='ocr_par' dir='ltr' id='par_1_6' title="bbox 489 2119 1558 2549">
     <span class='ocr_line' id='line_1_23' title="bbox 556 2119 1556 2184; baseline 0.001 -15"><span class='ocrx_word' id='word_1_106' title='bbox 556 2122 627 2169; x_wconf 75' lang='lat' dir='ltr'><strong>El</strong></span> <span class='ocrx_word' id='word_1_107' title='bbox 662 2135 693 2169; x_wconf 87' lang='lat' dir='ltr'><strong>a</strong></span> <span class='ocrx_word' id='word_1_108' title='bbox 727 2120 943 2184; x_wconf 77' lang='lat' dir='ltr'><strong>Solunte,</strong></span> <span class='ocrx_word' id='word_1_109' title='bbox 979 2120 1147 2170; x_wconf 88' lang='lat' dir='ltr'><strong>LXX</strong></span> <span class='ocrx_word' id='word_1_110' title='bbox 1151 2119 1235 2184; x_wconf 87' lang='lat' dir='ltr'><strong>V.]</strong></span> <span class='ocrx_word' id='word_1_111' title='bbox 1273 2121 1556 2184; x_wconf 86' lang='lat' dir='ltr'><strong>Exemplar</strong></span> 
     </span>
     <span class='ocr_line' id='line_1_24' title="bbox 489 2196 1555 2261; baseline 0.003 -16"><span class='ocrx_word' id='word_1_112' title='bbox 489 2197 659 2245; x_wconf 84' lang='lat' dir='ltr'><strong>Tolet.</strong></span> <span class='ocrx_word' id='word_1_113' title='bbox 692 2196 958 2252; x_wconf 74' lang='lat' dir='ltr'><strong>Selinunte.</strong></span> <span class='ocrx_word' id='word_1_114' title='bbox 1010 2198 1095 2246; x_wconf 88' lang='lat' dir='ltr'><strong>De</strong></span> <span class='ocrx_word' id='word_1_115' title='bbox 1128 2197 1418 2254; x_wconf 90' lang='lat' dir='ltr'><strong>Selinusiis,</strong></span> <span class='ocrx_word' id='word_1_116' title='bbox 1442 2198 1555 2261; x_wconf 86' lang='lat' dir='ltr'><strong>ipse</strong></span> 
     </span>
     <span class='ocr_line' id='line_1_25' title="bbox 492 2271 1558 2335; baseline 0.003 -16"><span class='ocrx_word' id='word_1_117' title='bbox 492 2272 652 2334; x_wconf 85' lang='lat' dir='ltr'><strong>paulo</strong></span> <span class='ocrx_word' id='word_1_118' title='bbox 673 2280 795 2319; x_wconf 85' lang='lat' dir='ltr'><strong>ante</strong></span> <span class='ocrx_word' id='word_1_119' title='bbox 811 2271 1014 2319; x_wconf 80' lang='lat' dir='ltr'><strong>Plinius</strong></span> <span class='ocrx_word' id='word_1_120' title='bbox 1031 2272 1412 2335; x_wconf 76' lang='lat' dir='ltr'><strong>etSteplranus.</strong></span> <span class='ocrx_word' id='word_1_121' title='bbox 1457 2272 1558 2322; x_wconf 84' lang='lat' dir='ltr'><strong>Est</strong></span> 
     </span>
     <span class='ocr_line' id='line_1_26' title="bbox 491 2345 1557 2411; baseline -0.002 -11"><span class='ocrx_word' id='word_1_122' title='bbox 491 2347 724 2411; x_wconf 81' lang='lat' dir='ltr'><strong>ejusdem</strong></span> <span class='ocrx_word' id='word_1_123' title='bbox 773 2347 993 2396; x_wconf 86' lang='lat' dir='ltr'><strong>nominis</strong></span> <span class='ocrx_word' id='word_1_124' title='bbox 1043 2345 1231 2398; x_wconf 82' lang='lat' dir='ltr'><strong>fluvius</strong></span> <span class='ocrx_word' id='word_1_125' title='bbox 1277 2348 1328 2396; x_wconf 90' lang='lat' dir='ltr'><strong>in</strong></span> <span class='ocrx_word' id='word_1_126' title='bbox 1372 2348 1557 2398; x_wconf 88' lang='lat' dir='ltr'><strong>eadem</strong></span> 
     </span>
     <span class='ocr_line' id='line_1_27' title="bbox 492 2423 1556 2488; baseline 0.003 -16"><span class='ocrx_word' id='word_1_127' title='bbox 492 2423 662 2473; x_wconf 83' lang='lat' dir='ltr'><strong>insula</strong></span> <span class='ocrx_word' id='word_1_128' title='bbox 706 2423 893 2488; x_wconf 85' lang='lat' dir='ltr'><strong>Plinio,</strong></span> <span class='ocrx_word' id='word_1_129' title='bbox 936 2424 1199 2488; x_wconf 84' lang='lat' dir='ltr'><strong>Straboni,</strong></span> <span class='ocrx_word' id='word_1_130' title='bbox 1248 2424 1556 2477; x_wconf 63' lang='lat' dir='ltr'><strong>Ptolemaeo.</strong></span> 
     </span>
     <span class='ocr_line' id='line_1_28' title="bbox 495 2499 717 2549; baseline 0.005 -1"><span class='ocrx_word' id='word_1_131' title='bbox 495 2499 717 2549; x_wconf 86' lang='lat' dir='ltr'><strong>Pintian.</strong></span> 
     </span>
    </p>

    <p class='ocr_par' dir='ltr' id='par_1_7' title="bbox 486 2575 1559 3173">
     <span class='ocr_line' id='line_1_29' title="bbox 559 2575 1556 2628; baseline 0.002 -5"><span class='ocrx_word' id='word_1_132' title='bbox 559 2576 698 2625; x_wconf 81' lang='lat' dir='ltr'><strong>Citra</strong></span> <span class='ocrx_word' id='word_1_133' title='bbox 734 2589 844 2623; x_wconf 77' lang='lat' dir='ltr'><strong>vero</strong></span> <span class='ocrx_word' id='word_1_134' title='bbox 868 2575 1087 2625; x_wconf 83' lang='lat' dir='ltr'><strong>Siciliam</strong></span> <span class='ocrx_word' id='word_1_135' title='bbox 1119 2590 1181 2624; x_wconf 80' lang='lat' dir='ltr'><strong>ex</strong></span> <span class='ocrx_word' id='word_1_136' title='bbox 1214 2577 1410 2628; x_wconf 74' lang='lat' dir='ltr'><strong>adverso</strong></span> <span class='ocrx_word' id='word_1_137' title='bbox 1448 2577 1556 2625; x_wconf 88' lang='lat' dir='ltr'><strong>Me-</strong></span> 
     </span>
     <span class='ocr_line' id='line_1_30' title="bbox 490 2649 1559 2714; baseline 0.001 -13"><span class='ocrx_word' id='word_1_138' title='bbox 490 2652 639 2712; x_wconf 77' lang='lat' dir='ltr'><strong>tauri,</strong></span> <span class='ocrx_word' id='word_1_139' title='bbox 670 2649 780 2713; x_wconf 53' lang='lat' dir='ltr'><strong>lfa]</strong></span> <span class='ocrx_word' id='word_1_140' title='bbox 814 2650 1044 2714; x_wconf 88' lang='lat' dir='ltr'><strong>Legend.</strong></span> <span class='ocrx_word' id='word_1_141' title='bbox 1084 2652 1225 2700; x_wconf 82' lang='lat' dir='ltr'><strong>Citra</strong></span> <span class='ocrx_word' id='word_1_142' title='bbox 1249 2652 1469 2701; x_wconf 75' lang='lat' dir='ltr'><strong>Siciliam</strong></span> <span class='ocrx_word' id='word_1_143' title='bbox 1494 2668 1559 2702; x_wconf 83' lang='lat' dir='ltr'><strong>ex</strong></span> 
     </span>
     <span class='ocr_line' id='line_1_31' title="bbox 488 2728 1558 2778; baseline 0 0"><span class='ocrx_word' id='word_1_144' title='bbox 488 2730 686 2778; x_wconf 82' lang='lat' dir='ltr'><strong>adverso</strong></span> <span class='ocrx_word' id='word_1_145' title='bbox 710 2728 928 2776; x_wconf 78' lang='lat' dir='ltr'><strong>Metauri</strong></span> <span class='ocrx_word' id='word_1_146' title='bbox 960 2728 1119 2777; x_wconf 76' lang='lat' dir='ltr'><strong>amnis</strong></span> <span class='ocrx_word' id='word_1_147' title='bbox 1143 2729 1323 2778; x_wconf 87' lang='lat' dir='ltr'><strong><em>XXV.</em></strong></span> <span class='ocrx_word' id='word_1_148' title='bbox 1352 2730 1558 2778; x_wconf 86' lang='lat' dir='ltr'><strong>millibus</strong></span> 
     </span>
     <span class='ocr_line' id='line_1_32' title="bbox 488 2803 1557 2867; baseline 0.002 -15"><span class='ocrx_word' id='word_1_149' title='bbox 488 2804 635 2856; x_wconf 76' lang='lat' dir='ltr'><strong>ferme</strong></span> <span class='ocrx_word' id='word_1_150' title='bbox 650 2817 874 2866; x_wconf 77' lang='lat' dir='ltr'><strong>passuum</strong></span> <span class='ocrx_word' id='word_1_151' title='bbox 906 2803 967 2851; x_wconf 89' lang='lat' dir='ltr'><strong>ab</strong></span> <span class='ocrx_word' id='word_1_152' title='bbox 1004 2803 1157 2853; x_wconf 78' lang='lat' dir='ltr'><strong>Italia</strong></span> <span class='ocrx_word' id='word_1_153' title='bbox 1179 2809 1357 2867; x_wconf 77' lang='lat' dir='ltr'><strong>septem</strong></span> <span class='ocrx_word' id='word_1_154' title='bbox 1378 2806 1557 2854; x_wconf 84' lang='lat' dir='ltr'><strong>AEolioe</strong></span> 
     </span>
     <span class='ocr_line' id='line_1_33' title="bbox 488 2879 1556 2943; baseline 0.004 -15"><span class='ocrx_word' id='word_1_155' title='bbox 488 2880 749 2943; x_wconf 65' lang='lat' dir='ltr'><strong>appellata.</strong></span> <span class='ocrx_word' id='word_1_156' title='bbox 803 2879 995 2928; x_wconf 83' lang='lat' dir='ltr'><strong>Eaedem</strong></span> <span class='ocrx_word' id='word_1_157' title='bbox 1024 2879 1356 2942; x_wconf 68' lang='lat' dir='ltr'><strong>Liparaeorum</strong></span> <span class='ocrx_word' id='word_1_158' title='bbox 1376 2888 1423 2930; x_wconf 78' lang='lat' dir='ltr'><strong>et</strong></span> <span class='ocrx_word' id='word_1_159' title='bbox 1447 2882 1509 2930; x_wconf 90' lang='lat' dir='ltr'><em>H</em></span> <span class='ocrx_word' id='word_1_160' title='bbox 1507 2897 1556 2932; x_wconf 77' lang='lat' dir='ltr'><strong>e·</strong></span> 
     </span>
     <span class='ocr_line' id='line_1_34' title="bbox 487 2954 1557 3018; baseline 0.003 -14"><span class='ocrx_word' id='word_1_161' title='bbox 487 2956 773 3018; x_wconf 67' lang='lat' dir='ltr'><strong>pltoestiades</strong></span> <span class='ocrx_word' id='word_1_162' title='bbox 804 2969 835 3002; x_wconf 88' lang='lat' dir='ltr'><strong>a</strong></span> <span class='ocrx_word' id='word_1_163' title='bbox 876 2954 1081 3015; x_wconf 79' lang='lat' dir='ltr'><strong>Groecis,</strong></span> <span class='ocrx_word' id='word_1_164' title='bbox 1114 2971 1146 3004; x_wconf 85' lang='lat' dir='ltr'><strong>a</strong></span> <span class='ocrx_word' id='word_1_165' title='bbox 1173 2958 1353 3006; x_wconf 76' lang='lat' dir='ltr'><strong>nostris</strong></span> <span class='ocrx_word' id='word_1_166' title='bbox 1382 2957 1557 3007; x_wconf 84' lang='lat' dir='ltr'><strong>Vulca-</strong></span> 
     </span>
     <span class='ocr_line' id='line_1_35' title="bbox 487 3031 1559 3094; baseline 0.004 -13"><span class='ocrx_word' id='word_1_167' title='bbox 487 3032 601 3089; x_wconf 80' lang='lat' dir='ltr'><strong>nioe,</strong></span> <span class='ocrx_word' id='word_1_168' title='bbox 637 3031 829 3088; x_wconf 84' lang='lat' dir='ltr'><strong>AEolioe,</strong></span> <span class='ocrx_word' id='word_1_169' title='bbox 867 3034 992 3094; x_wconf 78' lang='lat' dir='ltr'><strong>quod</strong></span> <span class='ocrx_word' id='word_1_170' title='bbox 1031 3033 1202 3082; x_wconf 84' lang='lat' dir='ltr'><strong>AEolus</strong></span> <span class='ocrx_word' id='word_1_171' title='bbox 1238 3034 1408 3083; x_wconf 83' lang='lat' dir='ltr'><strong>Iliacis</strong></span> <span class='ocrx_word' id='word_1_172' title='bbox 1442 3040 1559 3085; x_wconf 83' lang='lat' dir='ltr'><strong>tem-</strong></span> 
     </span>
     <span class='ocr_line' id='line_1_36' title="bbox 486 3106 1491 3173; baseline 0.005 -18"><span class='ocrx_word' id='word_1_173' title='bbox 486 3106 685 3171; x_wconf 80' lang='lat' dir='ltr'><strong>poribus</strong></span> <span class='ocrx_word' id='word_1_174' title='bbox 701 3106 770 3155; x_wconf 86' lang='lat' dir='ltr'><strong>ibi</strong></span> <span class='ocrx_word' id='word_1_175' title='bbox 788 3107 1029 3168; x_wconf 72' lang='lat' dir='ltr'><strong>regnavit.</strong></span> <span class='ocrx_word' id='word_1_176' title='bbox 1065 3108 1282 3157; x_wconf 77' lang='lat' dir='ltr'><strong>Salmas.</strong></span> <span class='ocrx_word' id='word_1_177' title='bbox 1302 3114 1491 3173; x_wconf 26' lang='lat' dir='ltr'><strong>p.,136.</strong></span> 
     </span>
    </p>

    <p class='ocr_par' dir='ltr' id='par_1_8' title="bbox 492 3184 1560 3465">
     <span class='ocr_line' id='line_1_37' title="bbox 502 3184 1560 3247; baseline 0.005 -15"><span class='ocrx_word' id='word_1_178' title='bbox 502 3226 508 3232; x_wconf 90' lang='lat'><strong>.</strong></span> <span class='ocrx_word' id='word_1_179' title='bbox 552 3184 904 3247; x_wconf 78' lang='lat' dir='ltr'><strong>Liparoeorum]</strong></span> <span class='ocrx_word' id='word_1_180' title='bbox 950 3185 1156 3234; x_wconf 87' lang='lat' dir='ltr'><strong>Insulas</strong></span> <span class='ocrx_word' id='word_1_181' title='bbox 1199 3186 1288 3235; x_wconf 83' lang='lat' dir='ltr'><strong>bas</strong></span> <span class='ocrx_word' id='word_1_182' title='bbox 1330 3186 1420 3237; x_wconf 65' lang='grc' dir='ltr'><strong>τὰς</strong></span> <span class='ocrx_word' id='word_1_183' title='bbox 1463 3190 1560 3237; x_wconf 76' lang='grc' dir='ltr'><strong>τῶν</strong></span> 
     </span>
     <span class='ocr_line' id='line_1_38' title="bbox 494 3261 1559 3330; baseline 0.003 -19"><span class='ocrx_word' id='word_1_184' title='bbox 494 3261 760 3326; x_wconf 75' lang='grc' dir='ltr'>Λιπαραίων</span> <span class='ocrx_word' id='word_1_185' title='bbox 779 3261 952 3316; x_wconf 74' lang='grc' dir='ltr'><strong><em>νήσους</em></strong></span> <span class='ocrx_word' id='word_1_186' title='bbox 987 3261 1178 3326; x_wconf 80' lang='lat' dir='ltr'><strong>Strabo</strong></span> <span class='ocrx_word' id='word_1_187' title='bbox 1214 3272 1386 3326; x_wconf 85' lang='lat' dir='ltr'><strong>vocat,</strong></span> <span class='ocrx_word' id='word_1_188' title='bbox 1421 3265 1559 3330; x_wconf 85' lang='lat' dir='ltr'><strong>quod</strong></span> 
     </span>
     <span class='ocr_line' id='line_1_39' title="bbox 493 3338 1556 3403; baseline 0.004 -16"><span class='ocrx_word' id='word_1_189' title='bbox 493 3338 766 3403; x_wconf 85' lang='lat' dir='ltr'><strong>aliquando</strong></span> <span class='ocrx_word' id='word_1_190' title='bbox 791 3339 842 3387; x_wconf 89' lang='lat' dir='ltr'><strong>in</strong></span> <span class='ocrx_word' id='word_1_191' title='bbox 875 3338 1230 3403; x_wconf 75' lang='lat' dir='ltr'><strong>Liparaeorum</strong></span> <span class='ocrx_word' id='word_1_192' title='bbox 1254 3341 1453 3393; x_wconf 84' lang='lat' dir='ltr'><strong>ditione</strong></span> <span class='ocrx_word' id='word_1_193' title='bbox 1474 3341 1556 3391; x_wconf 84' lang='lat' dir='ltr'><strong>fu·</strong></span> 
     </span>
     <span class='ocr_line' id='line_1_40' title="bbox 492 3415 866 3465; baseline 0.005 -3"><span class='ocrx_word' id='word_1_194' title='bbox 492 3415 649 3465; x_wconf 86' lang='lat' dir='ltr'><strong>erint.</strong></span> <span class='ocrx_word' id='word_1_195' title='bbox 694 3416 866 3464; x_wconf 82' lang='lat' dir='ltr'><strong>Dalec.</strong></span> 
     </span>
    </p>

    <p class='ocr_par' dir='ltr' id='par_1_9' title="bbox 732 3488 1319 3555">
     <span class='ocr_line' id='line_1_41' title="bbox 732 3488 1319 3555; baseline 0.009 -18"><span class='ocrx_word' id='word_1_196' title='bbox 732 3488 868 3538; x_wconf 75' lang='lat' dir='ltr'><strong>CAP.</strong></span> <span class='ocrx_word' id='word_1_197' title='bbox 893 3503 976 3539; x_wconf 86' lang='lat' dir='ltr'><strong>1x.</strong></span> <span class='ocrx_word' id='word_1_198' title='bbox 1020 3490 1100 3540; x_wconf 87' lang='lat' dir='ltr'><strong>De</strong></span> <span class='ocrx_word' id='word_1_199' title='bbox 1121 3492 1319 3555; x_wconf 81' lang='lat' dir='ltr'><strong>Lipara.</strong></span> 
     </span>
    </p>

    <p class='ocr_par' dir='ltr' id='par_1_10' title="bbox 492 3564 1558 3859">
     <span class='ocr_line' id='line_1_42' title="bbox 556 3564 1558 3630; baseline 0.005 -17"><span class='ocrx_word' id='word_1_200' title='bbox 556 3564 763 3627; x_wconf 84' lang='lat' dir='ltr'><strong>Lipara]</strong></span> <span class='ocrx_word' id='word_1_201' title='bbox 817 3566 914 3614; x_wconf 88' lang='lat' dir='ltr'><strong>Est</strong></span> <span class='ocrx_word' id='word_1_202' title='bbox 961 3564 1205 3630; x_wconf 86' lang='lat' dir='ltr'><strong>princeps</strong></span> <span class='ocrx_word' id='word_1_203' title='bbox 1241 3576 1298 3617; x_wconf 86' lang='lat' dir='ltr'><strong>et</strong></span> <span class='ocrx_word' id='word_1_204' title='bbox 1333 3567 1558 3620; x_wconf 84' lang='lat' dir='ltr'><strong>maxima</strong></span> 
     </span>
     <span class='ocr_line' id='line_1_43' title="bbox 493 3638 1554 3707; baseline 0.004 -18"><span class='ocrx_word' id='word_1_205' title='bbox 493 3638 752 3690; x_wconf 86' lang='lat' dir='ltr'><strong>AEolidum</strong></span> <span class='ocrx_word' id='word_1_206' title='bbox 772 3640 956 3690; x_wconf 81' lang='lat' dir='ltr'><strong>insula.</strong></span> <span class='ocrx_word' id='word_1_207' title='bbox 998 3640 1155 3705; x_wconf 84' lang='lat' dir='ltr'><strong>Apud</strong></span> <span class='ocrx_word' id='word_1_208' title='bbox 1177 3643 1421 3707; x_wconf 74' lang='lat' dir='ltr'><strong>Liparum</strong></span> <span class='ocrx_word' id='word_1_209' title='bbox 1440 3646 1554 3695; x_wconf 88' lang='lat' dir='ltr'><strong>Du-</strong></span> 
     </span>
     <span class='ocr_line' id='line_1_44' title="bbox 494 3718 1554 3785; baseline 0.007 -19"><span class='ocrx_word' id='word_1_210' title='bbox 494 3718 636 3768; x_wconf 84' lang='lat' dir='ltr'><strong>illius</strong></span> <span class='ocrx_word' id='word_1_211' title='bbox 660 3718 851 3768; x_wconf 88' lang='lat' dir='ltr'><strong>Consul</strong></span> <span class='ocrx_word' id='word_1_212' title='bbox 889 3719 1083 3783; x_wconf 85' lang='lat' dir='ltr'><strong>primus</strong></span> <span class='ocrx_word' id='word_1_213' title='bbox 1120 3720 1554 3785; x_wconf 78' lang='lat' dir='ltr'><strong>Carthaginenses</strong></span> 
     </span>
     <span class='ocr_line' id='line_1_45' title="bbox 492 3795 1382 3859; baseline 0.003 -15"><span class='ocrx_word' id='word_1_214' title='bbox 492 3795 675 3859; x_wconf 82' lang='lat' dir='ltr'><strong>praelio</strong></span> <span class='ocrx_word' id='word_1_215' title='bbox 697 3795 868 3844; x_wconf 88' lang='lat' dir='ltr'><strong>navali</strong></span> <span class='ocrx_word' id='word_1_216' title='bbox 890 3795 1179 3857; x_wconf 84' lang='lat' dir='ltr'><strong>superavit.</strong></span> <span class='ocrx_word' id='word_1_217' title='bbox 1212 3798 1382 3848; x_wconf 75' lang='lat' dir='ltr'><strong>Dalec.</strong></span> 
     </span>
    </p>

    <p class='ocr_par' dir='ltr' id='par_1_11' title="bbox 493 3873 1556 4072">
     <span class='ocr_line' id='line_1_46' title="bbox 558 3873 1556 3938; baseline 0.004 -17"><span class='ocrx_word' id='word_1_218' title='bbox 558 3873 847 3935; x_wconf 81' lang='lat' dir='ltr'><strong>Melogonis,</strong></span> <span class='ocrx_word' id='word_1_219' title='bbox 866 3875 943 3921; x_wconf 83' lang='lat' dir='ltr'><strong>vel</strong></span> <span class='ocrx_word' id='word_1_220' title='bbox 953 3873 1241 3938; x_wconf 70' lang='lat' dir='ltr'><strong>Meligunis]</strong></span> <span class='ocrx_word' id='word_1_221' title='bbox 1266 3874 1469 3924; x_wconf 86' lang='lat' dir='ltr'><strong>Dicitur</strong></span> <span class='ocrx_word' id='word_1_222' title='bbox 1486 3875 1556 3925; x_wconf 80' lang='lat' dir='ltr'><strong>ab</strong></span> 
     </span>
     <span class='ocr_line' id='line_1_47' title="bbox 493 3948 1553 4012; baseline 0.005 -16"><span class='ocrx_word' id='word_1_223' title='bbox 493 3948 649 3998; x_wconf 76' lang='lat' dir='ltr'><strong>orium</strong></span> <span class='ocrx_word' id='word_1_224' title='bbox 672 3956 946 4011; x_wconf 88' lang='lat' dir='ltr'><strong>proventu,</strong></span> <span class='ocrx_word' id='word_1_225' title='bbox 974 3964 1003 3997; x_wconf 84' lang='lat' dir='ltr'><strong>a</strong></span> <span class='ocrx_word' id='word_1_226' title='bbox 1022 3950 1182 4009; x_wconf 79' lang='grc' dir='ltr'>μῆλον</span> <span class='ocrx_word' id='word_1_227' title='bbox 1214 3950 1292 3999; x_wconf 79' lang='grc' dir='ltr'><strong>καὶ</strong></span> <span class='ocrx_word' id='word_1_228' title='bbox 1312 3948 1553 4012; x_wconf 74' lang='grc' dir='ltr'><em>γίγνομαι.</em></span> 
     </span>
     <span class='ocr_line' id='line_1_48' title="bbox 497 4023 650 4072; baseline 0 -2"><span class='ocrx_word' id='word_1_229' title='bbox 497 4023 650 4072; x_wconf 81' lang='lat' dir='ltr'><strong>Idem.</strong></span> 
     </span>
    </p>

    <p class='ocr_par' dir='ltr' id='par_1_12' title="bbox 495 4097 1557 4324">
     <span class='ocr_line' id='line_1_49' title="bbox 563 4097 1555 4163; baseline 0.008 -17"><span class='ocrx_word' id='word_1_230' title='bbox 563 4097 744 4160; x_wconf 82' lang='lat' dir='ltr'><strong>Hiera]</strong></span> <span class='ocrx_word' id='word_1_231' title='bbox 766 4099 844 4148; x_wconf 92' lang='lat' dir='ltr'><strong>De</strong></span> <span class='ocrx_word' id='word_1_232' title='bbox 858 4099 1024 4148; x_wconf 83' lang='lat' dir='ltr'><strong>Hiera</strong></span> <span class='ocrx_word' id='word_1_233' title='bbox 1038 4101 1189 4163; x_wconf 85' lang='lat' dir='ltr'><strong>Virg.</strong></span> <span class='ocrx_word' id='word_1_234' title='bbox 1207 4100 1411 4160; x_wconf 77' lang='lat' dir='ltr'><strong>AEneid,</strong></span> <span class='ocrx_word' id='word_1_235' title='bbox 1426 4116 1555 4154; x_wconf 71' lang='lat' dir='ltr'><strong>vui.</strong></span> 
     </span>
     <span class='ocr_line' id='line_1_50' title="bbox 495 4173 1556 4240; baseline 0.007 -19"><span class='ocrx_word' id='word_1_236' title='bbox 495 4173 690 4236; x_wconf 88' lang='lat' dir='ltr'><strong>inquit:</strong></span> <span class='ocrx_word' id='word_1_237' title='bbox 718 4173 929 4222; x_wconf 88' lang='lat' dir='ltr'><strong>‘Insula</strong></span> <span class='ocrx_word' id='word_1_238' title='bbox 958 4175 1213 4234; x_wconf 82' lang='lat' dir='ltr'><strong>Sicanium</strong></span> <span class='ocrx_word' id='word_1_239' title='bbox 1236 4177 1397 4240; x_wconf 77' lang='lat' dir='ltr'><strong>juxta</strong></span> <span class='ocrx_word' id='word_1_240' title='bbox 1417 4179 1556 4228; x_wconf 83' lang='lat' dir='ltr'><strong>latus</strong></span> 
     </span>
     <span class='ocr_line' id='line_1_51' title="bbox 498 4246 1557 4324; baseline 0.008 -29"><span class='ocrx_word' id='word_1_241' title='bbox 498 4246 816 4312; x_wconf 81' lang='lat' dir='ltr'><strong>AEoliamque</strong></span> <span class='ocrx_word' id='word_1_242' title='bbox 834 4249 1066 4313; x_wconf 82' lang='lat' dir='ltr'><strong>Erigitur</strong></span> <span class='ocrx_word' id='word_1_243' title='bbox 1085 4251 1333 4314; x_wconf 85' lang='lat' dir='ltr'><strong>Liparen,</strong></span> <span class='ocrx_word' id='word_1_244' title='bbox 1357 4252 1557 4324; x_wconf 64' lang='lat' dir='ltr'><strong>fuman-</strong></span> 
     </span>
    </p>
   </div>
   <div class='ocr_carea' id='block_1_3' title="bbox 1189 367 2000 424">
    <p class='ocr_par' dir='ltr' id='par_1_13' title="bbox 1189 367 2000 424">
     <span class='ocr_line' id='line_1_52' title="bbox 1189 367 2000 424; baseline -0.004 -3"><span class='ocrx_word' id='word_1_245' title='bbox 1189 368 1408 421; x_wconf 86' lang='lat' dir='ltr'><strong>NOTAE</strong></span> <span class='ocrx_word' id='word_1_246' title='bbox 1457 367 1864 424; x_wconf 81' lang='lat' dir='ltr'>VARIORUM</span> <span class='ocrx_word' id='word_1_247' title='bbox 1919 370 2000 419; x_wconf 83' lang='lat' dir='ltr'><strong>IN</strong></span> 
     </span>
    </p>
   </div>
   <div class='ocr_carea' id='block_1_4' title="bbox 1628 512 2731 4326">
    <p class='ocr_par' dir='ltr' id='par_1_14' title="bbox 1630 512 2708 638">
     <span class='ocr_line' id='line_1_53' title="bbox 1631 512 2708 565; baseline 0.001 -2"><span class='ocrx_word' id='word_1_248' title='bbox 1631 513 1768 563; x_wconf 86' lang='lat' dir='ltr'><strong>tibus</strong></span> <span class='ocrx_word' id='word_1_249' title='bbox 1791 513 1956 564; x_wconf 87' lang='lat' dir='ltr'><strong>ardua</strong></span> <span class='ocrx_word' id='word_1_250' title='bbox 1989 512 2146 563; x_wconf 84' lang='lat' dir='ltr'><strong>saxis.</strong></span> <span class='ocrx_word' id='word_1_251' title='bbox 2149 512 2166 537; x_wconf 87' lang='lat'>&#39;</span> <span class='ocrx_word' id='word_1_252' title='bbox 2217 516 2378 565; x_wconf 84' lang='lat' dir='ltr'><strong>Turn.</strong></span> <span class='ocrx_word' id='word_1_253' title='bbox 2418 528 2586 565; x_wconf 78' lang='lat' dir='ltr'><strong>xxvr.</strong></span> <span class='ocrx_word' id='word_1_254' title='bbox 2623 519 2708 564; x_wconf 80' lang='lat'><strong>29.</strong></span> 
     </span>
     <span class='ocr_line' id='line_1_54' title="bbox 1630 588 1783 638; baseline 0 -1"><span class='ocrx_word' id='word_1_255' title='bbox 1630 588 1783 638; x_wconf 81' lang='lat' dir='ltr'><strong>Idem.</strong></span> 
     </span>
    </p>

    <p class='ocr_par' dir='ltr' id='par_1_15' title="bbox 1629 665 2707 945">
     <span class='ocr_line' id='line_1_55' title="bbox 1696 665 2707 730; baseline -0.001 -15"><span class='ocrx_word' id='word_1_256' title='bbox 1696 665 1979 730; x_wconf 70' lang='lat' dir='ltr'><strong>Strongyle]</strong></span> <span class='ocrx_word' id='word_1_257' title='bbox 2003 666 2216 716; x_wconf 88' lang='lat' dir='ltr'><strong>Cornel.</strong></span> <span class='ocrx_word' id='word_1_258' title='bbox 2232 665 2490 715; x_wconf 85' lang='lat' dir='ltr'><strong>Severus</strong></span> <span class='ocrx_word' id='word_1_259' title='bbox 2473 681 2527 714; x_wconf 84' lang='grc' dir='ltr'><strong>ιιι</strong></span> <span class='ocrx_word' id='word_1_260' title='bbox 2545 666 2707 715; x_wconf 83' lang='lat' dir='ltr'><strong>AEtna</strong></span> 
     </span>
     <span class='ocr_line' id='line_1_56' title="bbox 1629 742 2705 805; baseline 0.001 -15"><span class='ocrx_word' id='word_1_261' title='bbox 1629 742 1696 791; x_wconf 89' lang='lat' dir='ltr'><strong>de</strong></span> <span class='ocrx_word' id='word_1_262' title='bbox 1719 742 1924 791; x_wconf 89' lang='lat' dir='ltr'><strong>nomine</strong></span> <span class='ocrx_word' id='word_1_263' title='bbox 1947 742 2097 805; x_wconf 82' lang='lat' dir='ltr'><strong>hujus</strong></span> <span class='ocrx_word' id='word_1_264' title='bbox 2130 742 2313 791; x_wconf 81' lang='lat' dir='ltr'><strong>insulae</strong></span> <span class='ocrx_word' id='word_1_265' title='bbox 2338 742 2446 791; x_wconf 84' lang='lat' dir='ltr'><strong>ait:</strong></span> <span class='ocrx_word' id='word_1_266' title='bbox 2485 742 2705 794; x_wconf 84' lang='lat' dir='ltr'><strong>‘Insula</strong></span> 
     </span>
     <span class='ocr_line' id='line_1_57' title="bbox 1629 817 2704 881; baseline 0 -14"><span class='ocrx_word' id='word_1_267' title='bbox 1629 818 1712 867; x_wconf 89' lang='lat' dir='ltr'><strong>cui</strong></span> <span class='ocrx_word' id='word_1_268' title='bbox 1737 833 1924 868; x_wconf 86' lang='lat' dir='ltr'><strong>nomen</strong></span> <span class='ocrx_word' id='word_1_269' title='bbox 1949 818 2108 869; x_wconf 80' lang='lat' dir='ltr'><strong>facies</strong></span> <span class='ocrx_word' id='word_1_270' title='bbox 2130 818 2317 868; x_wconf 85' lang='lat' dir='ltr'><strong>dedit</strong></span> <span class='ocrx_word' id='word_1_271' title='bbox 2305 832 2422 881; x_wconf 73' lang='lat' dir='ltr'><strong>ipsa</strong></span> <span class='ocrx_word' id='word_1_272' title='bbox 2439 817 2704 868; x_wconf 66' lang='lat' dir='ltr'><strong>rotunda!</strong></span> 
     </span>
     <span class='ocr_line' id='line_1_58' title="bbox 1630 895 1788 945; baseline 0.019 -3"><span class='ocrx_word' id='word_1_273' title='bbox 1630 895 1788 945; x_wconf 82' lang='lat' dir='ltr'><strong>Idem.</strong></span> 
     </span>
    </p>

    <p class='ocr_par' dir='ltr' id='par_1_16' title="bbox 1695 972 2638 1031">
     <span class='ocr_line' id='line_1_59' title="bbox 1695 972 2638 1031; baseline -0.002 -9"><span class='ocrx_word' id='word_1_274' title='bbox 1695 973 1832 1031; x_wconf 74' lang='lat' dir='ltr'><strong>QAP.</strong></span> <span class='ocrx_word' id='word_1_275' title='bbox 1855 985 1911 1022; x_wconf 84' lang='lat' dir='ltr'><strong>x.</strong></span> <span class='ocrx_word' id='word_1_276' title='bbox 1985 972 2058 1021; x_wconf 89' lang='lat' dir='ltr'><strong>De</strong></span> <span class='ocrx_word' id='word_1_277' title='bbox 2079 972 2253 1022; x_wconf 81' lang='lat' dir='ltr'><strong>Locris</strong></span> <span class='ocrx_word' id='word_1_278' title='bbox 2273 972 2638 1031; x_wconf 75' lang='lat' dir='ltr'><strong>Italioesronte.</strong></span> 
     </span>
    </p>

    <p class='ocr_par' dir='ltr' id='par_1_17' title="bbox 1628 1049 2718 1785">
     <span class='ocr_line' id='line_1_60' title="bbox 1696 1049 2701 1113; baseline 0.002 -16"><span class='ocrx_word' id='word_1_279' title='bbox 1696 1049 1758 1098; x_wconf 85' lang='lat' dir='ltr'><strong>In</strong></span> <span class='ocrx_word' id='word_1_280' title='bbox 1779 1065 1835 1099; x_wconf 90' lang='lat' dir='ltr'><strong>ea</strong></span> <span class='ocrx_word' id='word_1_281' title='bbox 1856 1063 1940 1097; x_wconf 85' lang='lat' dir='ltr'><strong>ora</strong></span> <span class='ocrx_word' id='word_1_282' title='bbox 1949 1049 2161 1113; x_wconf 78' lang='lat' dir='ltr'><strong>flumina</strong></span> <span class='ocrx_word' id='word_1_283' title='bbox 2193 1050 2461 1113; x_wconf 82' lang='lat' dir='ltr'><strong>innumera,</strong></span> <span class='ocrx_word' id='word_1_284' title='bbox 2496 1051 2581 1099; x_wconf 79' lang='lat' dir='ltr'><strong>secl</strong></span> <span class='ocrx_word' id='word_1_285' title='bbox 2603 1064 2701 1099; x_wconf 84' lang='lat' dir='ltr'><strong>me-</strong></span> 
     </span>
     <span class='ocr_line' id='line_1_61' title="bbox 1628 1125 2707 1189; baseline -0.001 -14"><span class='ocrx_word' id='word_1_286' title='bbox 1628 1130 1816 1176; x_wconf 76' lang='lat' dir='ltr'><strong>moratu</strong></span> <span class='ocrx_word' id='word_1_287' title='bbox 1835 1125 1986 1187; x_wconf 80' lang='lat' dir='ltr'><strong>digna</strong></span> <span class='ocrx_word' id='word_1_288' title='bbox 2008 1143 2040 1175; x_wconf 85' lang='lat' dir='ltr'><strong>a</strong></span> <span class='ocrx_word' id='word_1_289' title='bbox 2059 1126 2228 1175; x_wconf 82' lang='lat' dir='ltr'><strong>Locris</strong></span> <span class='ocrx_word' id='word_1_290' title='bbox 2251 1126 2439 1189; x_wconf 80' lang='lat' dir='ltr'><strong>Sagra]</strong></span> <span class='ocrx_word' id='word_1_291' title='bbox 2475 1127 2566 1175; x_wconf 87' lang='lat' dir='ltr'><strong>Sic</strong></span> <span class='ocrx_word' id='word_1_292' title='bbox 2590 1126 2707 1189; x_wconf 83' lang='lat' dir='ltr'><strong>qui-</strong></span> 
     </span>
     <span class='ocr_line' id='line_1_62' title="bbox 1630 1200 2708 1266; baseline -0.002 -15"><span class='ocrx_word' id='word_1_293' title='bbox 1630 1200 1748 1251; x_wconf 88' lang='lat' dir='ltr'><strong>dem</strong></span> <span class='ocrx_word' id='word_1_294' title='bbox 1794 1203 1959 1251; x_wconf 82' lang='lat' dir='ltr'><strong>nostri</strong></span> <span class='ocrx_word' id='word_1_295' title='bbox 2003 1202 2186 1266; x_wconf 89' lang='lat' dir='ltr'><strong>scripti</strong></span> <span class='ocrx_word' id='word_1_296' title='bbox 2230 1202 2441 1251; x_wconf 83' lang='lat' dir='ltr'><strong>codices</strong></span> <span class='ocrx_word' id='word_1_297' title='bbox 2486 1201 2708 1260; x_wconf 82' lang='lat' dir='ltr'><strong>babent,</strong></span> 
     </span>
     <span class='ocr_line' id='line_1_63' title="bbox 1631 1276 2712 1344; baseline -0.003 -16"><span class='ocrx_word' id='word_1_298' title='bbox 1631 1279 1768 1344; x_wconf 89' lang='lat' dir='ltr'><strong>quod</strong></span> <span class='ocrx_word' id='word_1_299' title='bbox 1787 1286 2110 1329; x_wconf 80' lang='lat' dir='ltr'><strong>correctores</strong></span> <span class='ocrx_word' id='word_1_300' title='bbox 2124 1276 2332 1328; x_wconf 83' lang='lat' dir='ltr'><strong>fefellit.</strong></span> <span class='ocrx_word' id='word_1_301' title='bbox 2369 1279 2547 1328; x_wconf 87' lang='lat' dir='ltr'><strong>Multa</strong></span> <span class='ocrx_word' id='word_1_302' title='bbox 2563 1279 2712 1327; x_wconf 87' lang='lat' dir='ltr'><strong>enim</strong></span> 
     </span>
     <span class='ocr_line' id='line_1_64' title="bbox 1630 1355 2714 1420; baseline -0.001 -15"><span class='ocrx_word' id='word_1_303' title='bbox 1630 1356 1685 1406; x_wconf 92' lang='lat' dir='ltr'><strong>in</strong></span> <span class='ocrx_word' id='word_1_304' title='bbox 1723 1356 1920 1420; x_wconf 85' lang='lat' dir='ltr'><strong>scripta</strong></span> <span class='ocrx_word' id='word_1_305' title='bbox 1954 1355 2177 1404; x_wconf 89' lang='lat' dir='ltr'><strong>lectione</strong></span> <span class='ocrx_word' id='word_1_306' title='bbox 2210 1367 2490 1418; x_wconf 79' lang='lat' dir='ltr'><strong>perperam</strong></span> <span class='ocrx_word' id='word_1_307' title='bbox 2531 1357 2714 1416; x_wconf 85' lang='lat' dir='ltr'><strong>posita</strong></span> 
     </span>
     <span class='ocr_line' id='line_1_65' title="bbox 1632 1430 2712 1495; baseline -0.001 -14"><span class='ocrx_word' id='word_1_308' title='bbox 1632 1446 1748 1481; x_wconf 86' lang='lat' dir='ltr'><strong>esse</strong></span> <span class='ocrx_word' id='word_1_309' title='bbox 1773 1430 2048 1495; x_wconf 85' lang='lat' dir='ltr'><strong>contingit,</strong></span> <span class='ocrx_word' id='word_1_310' title='bbox 2070 1431 2395 1480; x_wconf 87' lang='lat' dir='ltr'><strong>librariorum</strong></span> <span class='ocrx_word' id='word_1_311' title='bbox 2422 1431 2712 1495; x_wconf 85' lang='lat' dir='ltr'><strong>imperitia.</strong></span> 
     </span>
     <span class='ocr_line' id='line_1_66' title="bbox 1632 1506 2716 1571; baseline -0.002 -14"><span class='ocrx_word' id='word_1_312' title='bbox 1632 1507 1849 1557; x_wconf 81' lang='lat' dir='ltr'><strong>Rectius</strong></span> <span class='ocrx_word' id='word_1_313' title='bbox 1874 1507 2033 1569; x_wconf 83' lang='lat' dir='ltr'><strong>igitur</strong></span> <span class='ocrx_word' id='word_1_314' title='bbox 2055 1507 2106 1555; x_wconf 90' lang='lat' dir='ltr'><strong>in</strong></span> <span class='ocrx_word' id='word_1_315' title='bbox 2138 1506 2233 1556; x_wconf 82' lang='lat' dir='ltr'><strong>hac</strong></span> <span class='ocrx_word' id='word_1_316' title='bbox 2271 1517 2421 1570; x_wconf 86' lang='lat' dir='ltr'><strong>parte</strong></span> <span class='ocrx_word' id='word_1_317' title='bbox 2443 1508 2716 1571; x_wconf 75' lang='lat' dir='ltr'><strong>impressa</strong></span> 
     </span>
     <span class='ocr_line' id='line_1_67' title="bbox 1632 1584 2715 1648; baseline -0.001 -15"><span class='ocrx_word' id='word_1_318' title='bbox 1632 1584 1981 1648; x_wconf 78' lang='lat' dir='ltr'><strong>exemplaria:</strong></span> <span class='ocrx_word' id='word_1_319' title='bbox 2012 1585 2095 1632; x_wconf 77' lang='lat' dir='ltr'><strong>sed</strong></span> <span class='ocrx_word' id='word_1_320' title='bbox 2129 1589 2390 1633; x_wconf 80' lang='lat' dir='ltr'><strong>memoratu</strong></span> <span class='ocrx_word' id='word_1_321' title='bbox 2424 1586 2579 1646; x_wconf 79' lang='lat' dir='ltr'><strong>digna</strong></span> <span class='ocrx_word' id='word_1_322' title='bbox 2611 1585 2715 1633; x_wconf 85' lang='lat' dir='ltr'><strong>Lo-</strong></span> 
     </span>
     <span class='ocr_line' id='line_1_68' title="bbox 1630 1658 2718 1722; baseline -0.001 -14"><span class='ocrx_word' id='word_1_323' title='bbox 1630 1675 1788 1709; x_wconf 81' lang='lat' dir='ltr'><strong>eaenus</strong></span> <span class='ocrx_word' id='word_1_324' title='bbox 1801 1659 1990 1722; x_wconf 81' lang='lat' dir='ltr'><strong>Sagra:</strong></span> <span class='ocrx_word' id='word_1_325' title='bbox 2013 1674 2081 1709; x_wconf 84' lang='lat' dir='ltr'><strong>ex</strong></span> <span class='ocrx_word' id='word_1_326' title='bbox 2097 1658 2391 1710; x_wconf 75' lang='lat' dir='ltr'><strong>Ptolemaeo</strong></span> <span class='ocrx_word' id='word_1_327' title='bbox 2412 1661 2718 1709; x_wconf 84' lang='lat' dir='ltr'><strong>evidenter.</strong></span> 
     </span>
     <span class='ocr_line' id='line_1_69' title="bbox 1637 1736 1855 1785; baseline 0.005 -2"><span class='ocrx_word' id='word_1_328' title='bbox 1637 1736 1855 1785; x_wconf 81' lang='lat' dir='ltr'><strong>Pintian.</strong></span> 
     </span>
    </p>

    <p class='ocr_par' dir='ltr' id='par_1_18' title="bbox 1632 1812 2726 2170">
     <span class='ocr_line' id='line_1_70' title="bbox 1699 1812 2721 1878; baseline 0.004 -16"><span class='ocrx_word' id='word_1_329' title='bbox 1699 1813 1883 1875; x_wconf 80' lang='lat' dir='ltr'><strong>Sagra]</strong></span> <span class='ocrx_word' id='word_1_330' title='bbox 1935 1812 2127 1878; x_wconf 77' lang='lat' dir='ltr'><strong>Sagrus</strong></span> <span class='ocrx_word' id='word_1_331' title='bbox 2160 1813 2425 1877; x_wconf 84' lang='lat' dir='ltr'><strong>Straboni,</strong></span> <span class='ocrx_word' id='word_1_332' title='bbox 2462 1814 2721 1865; x_wconf 81' lang='lat' dir='ltr'><strong>Ferenta-</strong></span> 
     </span>
     <span class='ocr_line' id='line_1_71' title="bbox 1632 1890 2720 1951; baseline 0.003 -13"><span class='ocrx_word' id='word_1_333' title='bbox 1632 1904 1726 1939; x_wconf 87' lang='lat' dir='ltr'><strong>nos</strong></span> <span class='ocrx_word' id='word_1_334' title='bbox 1750 1904 1781 1938; x_wconf 88' lang='lat' dir='ltr'><strong>a</strong></span> <span class='ocrx_word' id='word_1_335' title='bbox 1803 1890 2035 1951; x_wconf 81' lang='lat' dir='ltr'><strong>Peliguis</strong></span> <span class='ocrx_word' id='word_1_336' title='bbox 2058 1891 2298 1941; x_wconf 85' lang='lat' dir='ltr'><strong>dividens</strong></span> <span class='ocrx_word' id='word_1_337' title='bbox 2317 1892 2458 1939; x_wconf 89' lang='lat' dir='ltr'><strong>inter</strong></span> <span class='ocrx_word' id='word_1_338' title='bbox 2474 1891 2720 1942; x_wconf 86' lang='lat' dir='ltr'><strong>Amiter-</strong></span> 
     </span>
     <span class='ocr_line' id='line_1_72' title="bbox 1633 1966 2721 2018; baseline 0.004 -4"><span class='ocrx_word' id='word_1_339' title='bbox 1633 1980 1753 2015; x_wconf 89' lang='lat' dir='ltr'><strong>num</strong></span> <span class='ocrx_word' id='word_1_340' title='bbox 1777 1973 1832 2014; x_wconf 86' lang='lat' dir='ltr'><strong>et</strong></span> <span class='ocrx_word' id='word_1_341' title='bbox 1859 1966 2132 2016; x_wconf 89' lang='lat' dir='ltr'><strong>Ortouium</strong></span> <span class='ocrx_word' id='word_1_342' title='bbox 2159 1967 2361 2016; x_wconf 85' lang='lat' dir='ltr'><strong>labitur</strong></span> <span class='ocrx_word' id='word_1_343' title='bbox 2393 1966 2558 2016; x_wconf 87' lang='lat' dir='ltr'><strong>hodie</strong></span> <span class='ocrx_word' id='word_1_344' title='bbox 2584 1969 2721 2018; x_wconf 83' lang='lat' dir='ltr'><strong>San-</strong></span> 
     </span>
     <span class='ocr_line' id='line_1_73' title="bbox 1634 2040 2726 2107; baseline 0.004 -16"><span class='ocrx_word' id='word_1_345' title='bbox 1634 2057 1756 2104; x_wconf 86' lang='lat' dir='ltr'><strong>grus</strong></span> <span class='ocrx_word' id='word_1_346' title='bbox 1791 2040 2001 2107; x_wconf 84' lang='lat' dir='ltr'><strong>fluvius,</strong></span> <span class='ocrx_word' id='word_1_347' title='bbox 2034 2049 2090 2093; x_wconf 89' lang='lat' dir='ltr'><strong>et</strong></span> <span class='ocrx_word' id='word_1_348' title='bbox 2123 2044 2291 2093; x_wconf 89' lang='lat' dir='ltr'><strong>tribus</strong></span> <span class='ocrx_word' id='word_1_349' title='bbox 2327 2044 2649 2095; x_wconf 77' lang='lat' dir='ltr'><strong>milliaribus</strong></span> <span class='ocrx_word' id='word_1_350' title='bbox 2691 2062 2726 2094; x_wconf 82' lang='lat' dir='ltr'><strong>a</strong></span> 
     </span>
     <span class='ocr_line' id='line_1_74' title="bbox 1633 2117 2326 2170; baseline 0.003 -3"><span class='ocrx_word' id='word_1_351' title='bbox 1633 2119 1888 2168; x_wconf 82' lang='lat' dir='ltr'><strong>Lantiano</strong></span> <span class='ocrx_word' id='word_1_352' title='bbox 1911 2117 2098 2170; x_wconf 87' lang='lat' dir='ltr'><strong>fertur.</strong></span> <span class='ocrx_word' id='word_1_353' title='bbox 2143 2122 2326 2170; x_wconf 78' lang='lat' dir='ltr'><strong>Dalec.·</strong></span> 
     </span>
    </p>

    <p class='ocr_par' dir='ltr' id='par_1_19' title="bbox 1633 2194 2721 2490">
     <span class='ocr_line' id='line_1_75' title="bbox 1698 2194 2721 2261; baseline 0.003 -18"><span class='ocrx_word' id='word_1_354' title='bbox 1698 2194 1829 2244; x_wconf 87' lang='lat' dir='ltr'><strong>Dein</strong></span> <span class='ocrx_word' id='word_1_355' title='bbox 1851 2196 2006 2257; x_wconf 80' lang='lat' dir='ltr'><strong>sinus,</strong></span> <span class='ocrx_word' id='word_1_356' title='bbox 2038 2201 2089 2245; x_wconf 76' lang='lat' dir='ltr'><strong>el</strong></span> <span class='ocrx_word' id='word_1_357' title='bbox 2129 2195 2424 2261; x_wconf 77' lang='lat' dir='ltr'><strong>Scylaeium]</strong></span> <span class='ocrx_word' id='word_1_358' title='bbox 2473 2197 2721 2257; x_wconf 79' lang='lat' dir='ltr'><strong>Legena.</strong></span> 
     </span>
     <span class='ocr_line' id='line_1_76' title="bbox 1635 2265 2717 2337; baseline 0.002 -18"><span class='ocrx_word' id='word_1_359' title='bbox 1635 2270 1764 2319; x_wconf 87' lang='lat' dir='ltr'><strong>Dein</strong></span> <span class='ocrx_word' id='word_1_360' title='bbox 1817 2265 1952 2320; x_wconf 77' lang='lat' dir='ltr'><strong>sinus</strong></span> <span class='ocrx_word' id='word_1_361' title='bbox 2010 2272 2272 2336; x_wconf 78' lang='lat' dir='ltr'><strong>Scylacius,</strong></span> <span class='ocrx_word' id='word_1_362' title='bbox 2316 2280 2364 2323; x_wconf 78' lang='lat' dir='ltr'><strong>et</strong></span> <span class='ocrx_word' id='word_1_363' title='bbox 2411 2272 2717 2337; x_wconf 68' lang='lat' dir='ltr'><strong>Scylaeium,</strong></span> 
     </span>
     <span class='ocr_line' id='line_1_77' title="bbox 1634 2347 2717 2412; baseline 0.002 -16"><span class='ocrx_word' id='word_1_364' title='bbox 1634 2347 1915 2412; x_wconf 73' lang='lat' dir='ltr'><strong>Scylletium</strong></span> <span class='ocrx_word' id='word_1_365' title='bbox 1935 2349 2315 2401; x_wconf 73' lang='lat' dir='ltr'><strong>Atheniensibus</strong></span> <span class='ocrx_word' id='word_1_366' title='bbox 2329 2366 2436 2400; x_wconf 82' lang='lat' dir='ltr'><strong>cum</strong></span> <span class='ocrx_word' id='word_1_367' title='bbox 2455 2353 2717 2400; x_wconf 72' lang='lat' dir='ltr'><strong>conderent</strong></span> 
     </span>
     <span class='ocr_line' id='line_1_78' title="bbox 1633 2424 2259 2490; baseline 0.003 -18"><span class='ocrx_word' id='word_1_368' title='bbox 1633 2424 1827 2473; x_wconf 78' lang='lat' dir='ltr'><strong>dictum.</strong></span> <span class='ocrx_word' id='word_1_369' title='bbox 1862 2425 2080 2475; x_wconf 90' lang='lat' dir='ltr'><strong>Salmas.</strong></span> <span class='ocrx_word' id='word_1_370' title='bbox 2103 2442 2154 2490; x_wconf 88' lang='lat' dir='ltr'><strong>p.</strong></span> <span class='ocrx_word' id='word_1_371' title='bbox 2178 2431 2259 2476; x_wconf 82' lang='grc'><strong>82.</strong></span> 
     </span>
    </p>

    <p class='ocr_par' dir='ltr' id='par_1_20' title="bbox 1633 2500 2727 2780">
     <span class='ocr_line' id='line_1_79' title="bbox 1699 2500 2712 2566; baseline 0.002 -17"><span class='ocrx_word' id='word_1_372' title='bbox 1699 2500 1996 2566; x_wconf 76' lang='lat' dir='ltr'><strong>Scylaeium]</strong></span> <span class='ocrx_word' id='word_1_373' title='bbox 2068 2503 2315 2566; x_wconf 80' lang='lat' dir='ltr'><strong>Virgilius</strong></span> <span class='ocrx_word' id='word_1_374' title='bbox 2368 2511 2528 2553; x_wconf 83' lang='lat' dir='ltr'><strong>vocat</strong></span> <span class='ocrx_word' id='word_1_375' title='bbox 2584 2503 2712 2566; x_wconf 72' lang='lat' dir='ltr'><strong>Scy-</strong></span> 
     </span>
     <span class='ocr_line' id='line_1_80' title="bbox 1633 2577 2727 2642; baseline 0 -17"><span class='ocrx_word' id='word_1_376' title='bbox 1633 2577 1836 2626; x_wconf 88' lang='lat' dir='ltr'><strong>laceum</strong></span> <span class='ocrx_word' id='word_1_377' title='bbox 1879 2577 2238 2640; x_wconf 79' lang='lat' dir='ltr'><strong>navifragum:</strong></span> <span class='ocrx_word' id='word_1_378' title='bbox 2288 2580 2303 2607; x_wconf 93' lang='lat'>‘</span> <span class='ocrx_word' id='word_1_379' title='bbox 2346 2577 2727 2642; x_wconf 82' lang='lat' dir='ltr'><strong>Caulonisque.</strong></span> 
     </span>
     <span class='ocr_line' id='line_1_81' title="bbox 1633 2652 2712 2717; baseline 0 -16"><span class='ocrx_word' id='word_1_380' title='bbox 1633 2665 1804 2717; x_wconf 85' lang='lat' dir='ltr'><strong>arces,</strong></span> <span class='ocrx_word' id='word_1_381' title='bbox 1860 2660 1918 2703; x_wconf 88' lang='lat' dir='ltr'><strong>et</strong></span> <span class='ocrx_word' id='word_1_382' title='bbox 1973 2652 2299 2717; x_wconf 79' lang='lat' dir='ltr'><strong>navifragum</strong></span> <span class='ocrx_word' id='word_1_383' title='bbox 2357 2653 2712 2717; x_wconf 65' lang='lat' dir='ltr'><strong>Scylaceum!</strong></span> 
     </span>
     <span class='ocr_line' id='line_1_82' title="bbox 1633 2730 1806 2780; baseline 0.012 -2"><span class='ocrx_word' id='word_1_384' title='bbox 1633 2730 1806 2780; x_wconf 83' lang='lat' dir='ltr'><strong>Dalec.</strong></span> 
     </span>
    </p>

    <p class='ocr_par' dir='ltr' id='par_1_21' title="bbox 1629 2806 2712 3176">
     <span class='ocr_line' id='line_1_83' title="bbox 1702 2806 2709 2873; baseline 0.002 -19"><span class='ocrx_word' id='word_1_385' title='bbox 1702 2807 1772 2854; x_wconf 82' lang='lat' dir='ltr'><strong>Et</strong></span> <span class='ocrx_word' id='word_1_386' title='bbox 1790 2806 1844 2855; x_wconf 88' lang='lat' dir='ltr'><strong>in</strong></span> <span class='ocrx_word' id='word_1_387' title='bbox 1873 2821 1929 2857; x_wconf 87' lang='lat' dir='ltr'><strong>ea</strong></span> <span class='ocrx_word' id='word_1_388' title='bbox 1959 2812 2147 2871; x_wconf 76' lang='lat' dir='ltr'><strong>portus,</strong></span> <span class='ocrx_word' id='word_1_389' title='bbox 2180 2810 2262 2873; x_wconf 85' lang='lat' dir='ltr'><strong>qui</strong></span> <span class='ocrx_word' id='word_1_390' title='bbox 2292 2816 2490 2859; x_wconf 77' lang='lat' dir='ltr'><strong>vocatur</strong></span> <span class='ocrx_word' id='word_1_391' title='bbox 2525 2813 2709 2861; x_wconf 78' lang='lat' dir='ltr'><strong>Castra</strong></span> 
     </span>
     <span class='ocr_line' id='line_1_84' title="bbox 1631 2881 2707 2951; baseline 0.002 -20"><span class='ocrx_word' id='word_1_392' title='bbox 1631 2881 1916 2946; x_wconf 80' lang='lat' dir='ltr'><strong>Annibalis]</strong></span> <span class='ocrx_word' id='word_1_393' title='bbox 1948 2884 2163 2935; x_wconf 83' lang='lat' dir='ltr'><strong>Scribe:</strong></span> <span class='ocrx_word' id='word_1_394' title='bbox 2199 2887 2270 2935; x_wconf 81' lang='lat' dir='ltr'><strong>Et</strong></span> <span class='ocrx_word' id='word_1_395' title='bbox 2292 2888 2346 2935; x_wconf 82' lang='lat' dir='ltr'><strong>in</strong></span> <span class='ocrx_word' id='word_1_396' title='bbox 2361 2893 2596 2951; x_wconf 68' lang='lat' dir='ltr'><strong>euporius</strong></span> <span class='ocrx_word' id='word_1_397' title='bbox 2617 2886 2707 2950; x_wconf 78' lang='lat' dir='ltr'><strong>qui</strong></span> 
     </span>
     <span class='ocr_line' id='line_1_85' title="bbox 1632 2960 2711 3026; baseline 0.005 -20"><span class='ocrx_word' id='word_1_398' title='bbox 1632 2964 1826 3007; x_wconf 75' lang='lat' dir='ltr'><strong>vocatur</strong></span> <span class='ocrx_word' id='word_1_399' title='bbox 1847 2964 2009 3009; x_wconf 76' lang='lat' dir='ltr'><strong>castra</strong></span> <span class='ocrx_word' id='word_1_400' title='bbox 2035 2960 2347 3026; x_wconf 79' lang='lat' dir='ltr'><strong>Hannibalis,</strong></span> <span class='ocrx_word' id='word_1_401' title='bbox 2364 2978 2598 3026; x_wconf 74' lang='lat' dir='ltr'><strong>nusquam</strong></span> <span class='ocrx_word' id='word_1_402' title='bbox 2615 2977 2711 3011; x_wconf 79' lang='lat' dir='ltr'><strong>an·</strong></span> 
     </span>
     <span class='ocr_line' id='line_1_86' title="bbox 1629 3035 2712 3103; baseline 0.004 -20"><span class='ocrx_word' id='word_1_403' title='bbox 1629 3035 1848 3094; x_wconf 75' lang='lat' dir='ltr'><strong>gustiore</strong></span> <span class='ocrx_word' id='word_1_404' title='bbox 1880 3036 2031 3085; x_wconf 84' lang='lat' dir='ltr'><strong>Italia</strong></span> <span class='ocrx_word' id='word_1_405' title='bbox 2059 3037 2179 3086; x_wconf 88' lang='lat' dir='ltr'><strong>XL.</strong></span> <span class='ocrx_word' id='word_1_406' title='bbox 2217 3039 2295 3088; x_wconf 87' lang='lat' dir='ltr'><strong>M.</strong></span> <span class='ocrx_word' id='word_1_407' title='bbox 2333 3055 2561 3103; x_wconf 67' lang='lat' dir='ltr'><strong>pamm</strong></span> <span class='ocrx_word' id='word_1_408' title='bbox 2591 3039 2712 3088; x_wconf 84' lang='lat' dir='ltr'><strong>lati·</strong></span> 
     </span>
     <span class='ocr_line' id='line_1_87' title="bbox 1636 3112 2298 3176; baseline 0.006 -17"><span class='ocrx_word' id='word_1_409' title='bbox 1636 3112 1749 3159; x_wconf 76' lang='lat' dir='ltr'><strong>ludo</strong></span> <span class='ocrx_word' id='word_1_410' title='bbox 1771 3117 1861 3161; x_wconf 77' lang='lat' dir='ltr'><strong>est.</strong></span> <span class='ocrx_word' id='word_1_411' title='bbox 1897 3112 2109 3161; x_wconf 82' lang='lat' dir='ltr'><strong>Salmas.</strong></span> <span class='ocrx_word' id='word_1_412' title='bbox 2137 3129 2191 3176; x_wconf 88' lang='lat' dir='ltr'><strong>p.</strong></span> <span class='ocrx_word' id='word_1_413' title='bbox 2214 3117 2298 3164; x_wconf 79' lang='grc'><strong>83.</strong></span> 
     </span>
    </p>

    <p class='ocr_par' dir='ltr' id='par_1_22' title="bbox 1634 3187 2713 3314">
     <span class='ocr_line' id='line_1_88' title="bbox 1699 3187 2713 3251; baseline 0.006 -17"><span class='ocrx_word' id='word_1_414' title='bbox 1699 3187 1941 3251; x_wconf 76' lang='lat' dir='ltr'><strong>Eranusa]</strong></span> <span class='ocrx_word' id='word_1_415' title='bbox 1971 3188 2358 3239; x_wconf 85' lang='lat' dir='ltr'><strong>Sirenussarum</strong></span> <span class='ocrx_word' id='word_1_416' title='bbox 2382 3190 2713 3240; x_wconf 85' lang='lat' dir='ltr'><strong>mentionem</strong></span> 
     </span>
     <span class='ocr_line' id='line_1_89' title="bbox 1634 3260 2195 3314; baseline 0.007 -4"><span class='ocrx_word' id='word_1_417' title='bbox 1634 3260 1763 3312; x_wconf 80' lang='lat' dir='ltr'><strong>facit</strong></span> <span class='ocrx_word' id='word_1_418' title='bbox 1784 3264 1989 3312; x_wconf 83' lang='lat' dir='ltr'><strong>Strabo.</strong></span> <span class='ocrx_word' id='word_1_419' title='bbox 2024 3264 2195 3314; x_wconf 89' lang='lat' dir='ltr'><strong>Dalec.</strong></span> 
     </span>
    </p>

    <p class='ocr_par' dir='ltr' id='par_1_23' title="bbox 1699 3338 2642 3407">
     <span class='ocr_line' id='line_1_90' title="bbox 1699 3338 2642 3407; baseline 0.007 -21"><span class='ocrx_word' id='word_1_420' title='bbox 1699 3339 1838 3387; x_wconf 71' lang='lat' dir='ltr'><strong>CAP.</strong></span> <span class='ocrx_word' id='word_1_421' title='bbox 1863 3351 1943 3388; x_wconf 73' lang='lat' dir='ltr'><strong>xx.</strong></span> <span class='ocrx_word' id='word_1_422' title='bbox 1994 3338 2241 3391; x_wconf 79' lang='lat' dir='ltr'><strong>Secundus</strong></span> <span class='ocrx_word' id='word_1_423' title='bbox 2265 3344 2473 3407; x_wconf 73' lang='lat' dir='ltr'><strong>Europa</strong></span> <span class='ocrx_word' id='word_1_424' title='bbox 2492 3344 2642 3393; x_wconf 75' lang='grc' dir='ltr'><strong>εἰηιω.</strong></span> 
     </span>
    </p>

    <p class='ocr_par' dir='ltr' id='par_1_24' title="bbox 1628 3416 2727 4013">
     <span class='ocr_line' id='line_1_91' title="bbox 1702 3416 2713 3478; baseline 0.005 -14"><span class='ocrx_word' id='word_1_425' title='bbox 1702 3416 1875 3478; x_wconf 79' lang='lat' dir='ltr'><strong>Croto]</strong></span> <span class='ocrx_word' id='word_1_426' title='bbox 1925 3416 2006 3465; x_wconf 83' lang='lat' dir='ltr'><strong>De</strong></span> <span class='ocrx_word' id='word_1_427' title='bbox 2041 3431 2104 3467; x_wconf 87' lang='lat' dir='ltr'><strong>eo</strong></span> <span class='ocrx_word' id='word_1_428' title='bbox 2140 3425 2194 3467; x_wconf 89' lang='lat' dir='ltr'><strong>et</strong></span> <span class='ocrx_word' id='word_1_429' title='bbox 2232 3420 2481 3469; x_wconf 88' lang='lat' dir='ltr'><strong>Miscello</strong></span> <span class='ocrx_word' id='word_1_430' title='bbox 2527 3419 2713 3469; x_wconf 89' lang='lat' dir='ltr'><strong>condi·</strong></span> 
     </span>
     <span class='ocr_line' id='line_1_92' title="bbox 1634 3492 2716 3558; baseline 0.004 -17"><span class='ocrx_word' id='word_1_431' title='bbox 1634 3496 1749 3541; x_wconf 88' lang='lat' dir='ltr'><strong>tore</strong></span> <span class='ocrx_word' id='word_1_432' title='bbox 1774 3492 1892 3541; x_wconf 91' lang='lat' dir='ltr'><strong>vide</strong></span> <span class='ocrx_word' id='word_1_433' title='bbox 1918 3493 2082 3542; x_wconf 88' lang='lat' dir='ltr'><strong>multa</strong></span> <span class='ocrx_word' id='word_1_434' title='bbox 2117 3494 2253 3558; x_wconf 82' lang='lat' dir='ltr'><strong>apud</strong></span> <span class='ocrx_word' id='word_1_435' title='bbox 2280 3495 2619 3558; x_wconf 87' lang='lat' dir='ltr'><strong>Leopardum</strong></span> <span class='ocrx_word' id='word_1_436' title='bbox 2648 3510 2716 3546; x_wconf 85' lang='lat' dir='ltr'><strong>n.</strong></span> 
     </span>
     <span class='ocr_line' id='line_1_93' title="bbox 1634 3567 2720 3631; baseline 0.006 -16"><span class='ocrx_word' id='word_1_437' title='bbox 1634 3570 1713 3615; x_wconf 79' lang='lat'><strong>14.</strong></span> <span class='ocrx_word' id='word_1_438' title='bbox 1757 3567 2024 3631; x_wconf 79' lang='lat' dir='ltr'><strong>Cogitanti</strong></span> <span class='ocrx_word' id='word_1_439' title='bbox 2049 3569 2117 3618; x_wconf 88' lang='lat' dir='ltr'><strong>de</strong></span> <span class='ocrx_word' id='word_1_440' title='bbox 2137 3570 2367 3620; x_wconf 88' lang='lat' dir='ltr'><strong>Crotone</strong></span> <span class='ocrx_word' id='word_1_441' title='bbox 2391 3571 2720 3621; x_wconf 71' lang='lat' dir='ltr'><strong>aedificanda</strong></span> 
     </span>
     <span class='ocr_line' id='line_1_94' title="bbox 1628 3642 2718 3710; baseline 0.005 -19"><span class='ocrx_word' id='word_1_442' title='bbox 1628 3642 1894 3693; x_wconf 87' lang='lat' dir='ltr'><strong>oraculum</strong></span> <span class='ocrx_word' id='word_1_443' title='bbox 1931 3644 2132 3694; x_wconf 87' lang='lat' dir='ltr'><strong>editum</strong></span> <span class='ocrx_word' id='word_1_444' title='bbox 2158 3652 2256 3706; x_wconf 88' lang='lat' dir='ltr'><strong>est,</strong></span> <span class='ocrx_word' id='word_1_445' title='bbox 2298 3645 2566 3696; x_wconf 77' lang='grc' dir='ltr'>Μύσκελλε</span> <span class='ocrx_word' id='word_1_446' title='bbox 2587 3652 2718 3710; x_wconf 80' lang='grc' dir='ltr'>βρα-</span> 
     </span>
     <span class='ocr_line' id='line_1_95' title="bbox 1628 3717 2721 3782; baseline 0.005 -14"><span class='ocrx_word' id='word_1_447' title='bbox 1628 3717 1816 3782; x_wconf 76' lang='grc' dir='ltr'><strong><em>χὺνωτε</em></strong></span> <span class='ocrx_word' id='word_1_448' title='bbox 1849 3720 1958 3782; x_wconf 74' lang='grc' dir='ltr'><strong>παρ’</strong></span> <span class='ocrx_word' id='word_1_449' title='bbox 1993 3720 2050 3769; x_wconf 76' lang='grc' dir='ltr'><strong>ἐκ</strong></span> <span class='ocrx_word' id='word_1_450' title='bbox 2081 3722 2189 3770; x_wconf 82' lang='grc' dir='ltr'>θεοῦ</span> <span class='ocrx_word' id='word_1_451' title='bbox 2225 3720 2360 3771; x_wconf 70' lang='grc' dir='ltr'><strong>ἄλλα</strong></span> <span class='ocrx_word' id='word_1_452' title='bbox 2394 3722 2611 3782; x_wconf 74' lang='grc' dir='ltr'><strong>ματεύων</strong></span> <span class='ocrx_word' id='word_1_453' title='bbox 2636 3726 2721 3773; x_wconf 76' lang='grc' dir='ltr'><strong>Οὔ</strong></span> 
     </span>
     <span class='ocr_line' id='line_1_96' title="bbox 1629 3796 2725 3863; baseline 0.002 -18"><span class='ocrx_word' id='word_1_454' title='bbox 1629 3796 1756 3845; x_wconf 81' lang='grc' dir='ltr'><strong>κολὰ</strong></span> <span class='ocrx_word' id='word_1_455' title='bbox 1777 3796 2005 3861; x_wconf 75' lang='grc' dir='ltr'><strong>θηρεύεις,</strong></span> <span class='ocrx_word' id='word_1_456' title='bbox 2027 3801 2175 3863; x_wconf 77' lang='grc' dir='ltr'><strong><em>δῶρον</em></strong></span> <span class='ocrx_word' id='word_1_457' title='bbox 2191 3799 2231 3847; x_wconf 82' lang='grc' dir='ltr'><strong>δ’</strong></span> <span class='ocrx_word' id='word_1_458' title='bbox 2249 3799 2326 3847; x_wconf 72' lang='grc' dir='ltr'><strong>ὅτι</strong></span> <span class='ocrx_word' id='word_1_459' title='bbox 2343 3802 2407 3848; x_wconf 77' lang='grc' dir='ltr'><strong>δῶ</strong></span> <span class='ocrx_word' id='word_1_460' title='bbox 2423 3818 2497 3850; x_wconf 77' lang='grc' dir='ltr'><strong>τις</strong></span> <span class='ocrx_word' id='word_1_461' title='bbox 2513 3801 2725 3850; x_wconf 69' lang='grc' dir='ltr'><strong>ἐπαίνει.</strong></span> 
     </span>
     <span class='ocr_line' id='line_1_97' title="bbox 1631 3874 2727 3942; baseline 0.003 -19"><span class='ocrx_word' id='word_1_462' title='bbox 1631 3874 1818 3938; x_wconf 85' lang='lat' dir='ltr'><strong>Legito</strong></span> <span class='ocrx_word' id='word_1_463' title='bbox 1841 3881 1896 3923; x_wconf 89' lang='lat' dir='ltr'><strong>et</strong></span> <span class='ocrx_word' id='word_1_464' title='bbox 1933 3874 2076 3922; x_wconf 88' lang='lat' dir='ltr'><strong>Hub.</strong></span> <span class='ocrx_word' id='word_1_465' title='bbox 2112 3876 2306 3924; x_wconf 86' lang='lat' dir='ltr'><strong>Goltzii</strong></span> <span class='ocrx_word' id='word_1_466' title='bbox 2349 3876 2529 3927; x_wconf 83' lang='lat' dir='ltr'><strong>Graec.</strong></span> <span class='ocrx_word' id='word_1_467' title='bbox 2566 3892 2727 3942; x_wconf 80' lang='lat' dir='ltr'><strong>mag.</strong></span> 
     </span>
     <span class='ocr_line' id='line_1_98' title="bbox 1635 3949 2017 4013; baseline 0 -15"><span class='ocrx_word' id='word_1_468' title='bbox 1635 3964 1692 4013; x_wconf 87' lang='lat' dir='ltr'><strong>p.</strong></span> <span class='ocrx_word' id='word_1_469' title='bbox 1714 3953 1828 3998; x_wconf 80' lang='grc'><strong>276.</strong></span> <span class='ocrx_word' id='word_1_470' title='bbox 1865 3949 2017 3998; x_wconf 83' lang='lat' dir='ltr'><strong>Idem.</strong></span> 
     </span>
    </p>

    <p class='ocr_par' dir='ltr' id='par_1_25' title="bbox 1631 4026 2731 4326">
     <span class='ocr_line' id='line_1_99' title="bbox 1699 4026 2725 4093; baseline 0.008 -20"><span class='ocrx_word' id='word_1_471' title='bbox 1699 4026 1934 4088; x_wconf 80' lang='lat' dir='ltr'><strong>Oppidum</strong></span> <span class='ocrx_word' id='word_1_472' title='bbox 1965 4026 2219 4088; x_wconf 76' lang='lat' dir='ltr'><strong>Tkurium]</strong></span> <span class='ocrx_word' id='word_1_473' title='bbox 2268 4028 2505 4093; x_wconf 87' lang='lat' dir='ltr'><strong>Uterque</strong></span> <span class='ocrx_word' id='word_1_474' title='bbox 2533 4030 2725 4081; x_wconf 72' lang='lat' dir='ltr'><strong>codex</strong></span> 
     </span>
     <span class='ocr_line' id='line_1_100' title="bbox 1635 4104 2731 4167; baseline 0.007 -16"><span class='ocrx_word' id='word_1_475' title='bbox 1635 4104 1801 4166; x_wconf 80' lang='lat' dir='ltr'><strong>Tauri,</strong></span> <span class='ocrx_word' id='word_1_476' title='bbox 1820 4118 1919 4153; x_wconf 89' lang='lat' dir='ltr'><strong>non</strong></span> <span class='ocrx_word' id='word_1_477' title='bbox 1939 4104 2193 4153; x_wconf 76' lang='lat' dir='ltr'><strong>Thurium:</strong></span> <span class='ocrx_word' id='word_1_478' title='bbox 2210 4120 2326 4167; x_wconf 83' lang='lat' dir='ltr'><strong>quae</strong></span> <span class='ocrx_word' id='word_1_479' title='bbox 2346 4106 2505 4156; x_wconf 88' lang='lat' dir='ltr'><strong>lectio</strong></span> <span class='ocrx_word' id='word_1_480' title='bbox 2526 4118 2731 4159; x_wconf 81' lang='lat' dir='ltr'><strong>movet</strong></span> 
     </span>
     <span class='ocr_line' id='line_1_101' title="bbox 1631 4179 2730 4244; baseline 0.007 -17"><span class='ocrx_word' id='word_1_481' title='bbox 1631 4193 1733 4235; x_wconf 82' lang='lat' dir='ltr'><strong>me,</strong></span> <span class='ocrx_word' id='word_1_482' title='bbox 1757 4185 1838 4238; x_wconf 90' lang='lat' dir='ltr'><strong>ut,</strong></span> <span class='ocrx_word' id='word_1_483' title='bbox 1853 4180 2085 4244; x_wconf 82' lang='lat' dir='ltr'><strong>quamvis</strong></span> <span class='ocrx_word' id='word_1_484' title='bbox 2099 4179 2183 4228; x_wconf 87' lang='lat' dir='ltr'><strong>bic</strong></span> <span class='ocrx_word' id='word_1_485' title='bbox 2203 4180 2438 4230; x_wconf 73' lang='lat' dir='ltr'><strong>Thur-ium</strong></span> <span class='ocrx_word' id='word_1_486' title='bbox 2453 4183 2730 4236; x_wconf 83' lang='lat' dir='ltr'><strong>sustineri</strong></span> 
     </span>
     <span class='ocr_line' id='line_1_102' title="bbox 1633 4253 2730 4326; baseline 0.005 -22"><span class='ocrx_word' id='word_1_487' title='bbox 1633 4253 1820 4319; x_wconf 80' lang='lat' dir='ltr'><strong>possit,</strong></span> <span class='ocrx_word' id='word_1_488' title='bbox 1876 4256 1983 4320; x_wconf 83' lang='lat' dir='ltr'><strong>legi</strong></span> <span class='ocrx_word' id='word_1_489' title='bbox 2006 4323 2011 4326; x_wconf 18' lang='lat' dir='ltr'>j</span> <span class='ocrx_word' id='word_1_490' title='bbox 2031 4262 2209 4305; x_wconf 86' lang='lat' dir='ltr'><strong>tamen</strong></span> <span class='ocrx_word' id='word_1_491' title='bbox 2266 4259 2436 4306; x_wconf 86' lang='lat' dir='ltr'><strong>malim</strong></span> <span class='ocrx_word' id='word_1_492' title='bbox 2486 4258 2686 4308; x_wconf 72' lang='lat' dir='ltr'><strong>Thurii</strong></span> <span class='ocrx_word' id='word_1_493' title='bbox 2706 4279 2730 4310; x_wconf 82' lang='lat'><strong>.-</strong></span> 
     </span>
    </p>
   </div>
   <div class='ocr_carea' id='block_1_5' title="bbox 2991 293 2994 1426">
    <p class='ocr_par' dir='ltr' id='par_1_26' title="bbox 2991 293 2994 1426">
     <span class='ocr_line' id='line_1_103' title="bbox 2991 293 2994 1426; baseline 0 0"><span class='ocrx_word' id='word_1_494' title='bbox 2991 293 2994 1426; x_wconf 95' lang='lat' dir='ltr'><strong> </strong></span> 
     </span>
    </p>
   </div>
   <div class='ocr_carea' id='block_1_6' title="bbox 2989 2453 2996 4035">
    <p class='ocr_par' dir='ltr' id='par_1_27' title="bbox 2989 2453 2996 4035">
     <span class='ocr_line' id='line_1_104' title="bbox 2989 2453 2996 4035; baseline 0 0"><span class='ocrx_word' id='word_1_495' title='bbox 2989 2453 2996 4035; x_wconf 95' lang='lat' dir='ltr'><strong> </strong></span> 
     </span>
    </p>
   </div>
  </div>
 </body>
</html>
