3000 4917
852 371 1032 419 NAT.
1076 369 1280 419 ms‘r.
1326 370 1475 418 ma.
1519 370 1840 420 xxxva.
1882 359 1991 424 17.
2364 355 2546 428 4825

326 515 736 599 Quanquam
766 514 1227 599 Scythicorum
1248 514 1274 554 k
1303 518 1909 602 AEgy'ptiorumque
1933 518 2175 585 duritia
2205 526 2389 587 tanta
2408 530 2535 601 est,

324 624 426 682 nt‘
452 625 819 702 nequeant·
844 618 1200 683 vulnerari.
1289 618 1594 698 Quorum
1652 617 1846 685 vero¹
1890 640 2137 704 corpus
2178 628 2535 690 extensum

328 729 462 798 est,
506 720 763 798 eadem,
795 740 932 803 qua
972 723 1277 805 specula,
1322 723 1627 786 ratione4
1667 723 1894 807 supini
1944 723 2270 806 imagines
2322 744 2536 790 rerum

323 823 639 917 reddunt.
728 822 912 888 Nero
956 825 1271 909 princeps
1294 833 1337 860 ¹¹²
1382 824 1822 907 gladiatorum
1874 844 2138 909 pugnas
2185 830 2539 908 spectabat

325 925 705 1007 smaragdo.
2308 919 2318 928 ’
2523 954 2530 959 “

417 1043 618 1091 xvu.
669 1026 931 1092 Genera
960 1036 1241 1093 eorum¹¹
1284 1026 1675 1094 duodecim:
1705 1029 2163 1093 nobilissimi⁰
2210 1029 2537 1112 Scythici,⁴

325 1132 417 1196 ab
449 1151 532 1195 ea
560 1137 775 1213 gente,
815 1131 887 1194 in
939 1150 1075 1214 qua
1121 1133 1560 1215 reperiuntur,
1611 1132 1959 1215 appellati.
2051 1131 2278 1196 Nullis
2322 1135 2539 1219 major

327 1234 745 1312 austeritaS‚¹
768 1242 796 1282 P
820 1253 948 1299 nec
976 1236 1199 1298 minus
1232 1235 1405 1300 vitii.
1468 1232 1558 1299 Et
1580 1241 1896 1318 quantum
1920 1235 2253 1317 smaragdi
2283 1256 2325 1301 a
2353 1239 2541 1319 gem-‘-

323 1337 461 1399 mis
481 1343 509 1373 ²
556 1334 826 1410 distant,
857 1340 1116 1400 tantum
1145 1334 1447 1420 Scythici
1476 1355 1518 1400 a
1541 1337 1777 1402 ceteris
1809 1336 2204 1419 smaragdis.
2294 1338 2540 1403 Proxi-

324 1457 510 1502 mam
526 1436 801 1501 'laudem
823 1444 851 1482 ‘¹
896 1436 1173 1513 habent‚·
1215 1438 1392 1501 sicut
1437 1445 1505 1501 et
1558 1437 1814 1516 sedem,
1863 1438 2235 1517 Bactriani,
2266 1460 2437 1523 quos
2468 1443 2538 1506 in

324 1538 1154 1604 commissurissaxorum
1177 1539 1488 1620 colligere
1534 1538 1847 1604 dicuntur
1897 1539 2147 1605 Etesiis
2193 1522 2536 1607 flantibus.

324 1640 523 1707 Tunc
554 1641 755 1720 enim,
786 1642 1014 1706 tellure
1058 1646 1261 1721 tersa,
1280 1654 1285 1661 '
1306 1642 1567 1718 nitent,³
1586 1649 1608 1676 ‘
1652 1644 1811 1725 quia
1857 1643 1945 1706 iis
1976 1642 2199 1708 ventis
2243 1643 2538 1709 maxime

1248 1789 1614 1812 &etmeveeoo

310 1892 387 1955 fit
420 1891 655 1940 Gronov.
678 1894 733 1940 et
758 1891 1032 1953 vulgg.-4
1067 1889 1196 1953 Cod.
1217 1891 1402 1940 Dalec.
1438 1893 1599 1940 eadem
1621 1890 1953 1952 speculatione.

396 1956 534 2005 Cn.
558 1968 698 2004 xvu.
764 1959 791 2003 l
829 1956 924 2005 Ita‘
952 1955 1069 2004 cod.
1089 1957 1274 2007 Dalec.
1300 1962 1355 2005 et
1380 1955 1507 2004 Vet.
1527 1956 1758 2017 ejusdem
1782 1969 1897 2004 cum
1922 1954 2043 2003 edd.
2066 1953 2325 2005 Harduin.
2350 1960 2396 2005 1.
2418 1959 2465 2007 2.
2489 1961 2538 2009 3.

325 2020 523 2069 Miller.
546 2031 601 2068 et
624 2020 838 2083 Bipont.
908 2020 1108 2069 Nullius
1145 2035 1207 2071 m.
1244 2019 1504 2070 austeritas
1544 2021 1775 2070 Gronov.
1797 2022 1864 2069 al.
1887 2027 2017 2069 vett.
2041 2029 2097 2069 et
2123 2021 2305 2069 Franz.
2374 2021 2538 2072 Nullis

324 2098 392 2132 m.
416 2086 680 2134 auctoritas
702 2084 857 2133 codd.
884 2084 1144 2133 Harduiui
1170 2092 1223 2134 et
1245 2085 1544 2134 Fortem-2
1588 2086 1657 2134 Ut
1679 2101 1726 2148 q.
1748 2101 1789 2134 s.
1809 2101 1839 2134 a
1859 2085 2054 2147 reliquis
2070 2086 2274 2146 gemmis
2293 2086 2409 2135 cod.
2430 2085 2538 2134 Da·

322 2149 529 2199 lem—3
558 2152 574 2177 ‘
600 2149 687 2198 Ita
709 2149 842 2199 bene
865 2149 1017 2198 codd.
1041 2151 1202 2211 Regg.
1219 2153 1269 2199 2.
1287 2155 1335 2199 3.
1356 2155 1404 2197 5.
1421 2152 1481 2198 6.
1496 2156 1551 2197 et
1576 2149 1753 2198 Editio
1786 2149 2047 2213 princeps.
2112 2149 2257 2198 Male
2283 2150 2540 2199 recentio-

325 2228 435 2272 res,
469 2215 636 2263 tellure
672 2214 971 2264 internitent.
1037 2214 1210 2263 Plinio
1246 2211 1563 2273 suffragatur
1598 2213 1829 2262 Isidorus
1863 2213 2064 2270 Origin-
2085 2225 2201 2262 xvr.
2223 2213 2287 2262 7.’
2321 2215 2539 2263 Brotier.

322 2280 502 2328 tellure
521 2279 807 2328 internum
828 2278 950 2329 edd.
977 2285 1104 2328 vett.
1125 2279 1358 2328 Gronov.
1379 2277 1638 2328 Harduin.
1658 2286 1711 2326 et
1726 2279 1794 2327 al.
1811 2285 1935 2327 ante
1954 2277 2180 2327 Brotier.
2214 2279 2381 2327 teum
2403 2293 2541 2328 versa

320 2343 491 2394 nitent
501 2344 626 2394 Vet-
642 2343 822 2395 Dalec.
865 2345 1034 2394 tellure
1050 2345 1169 2394 tersi
1189 2345 1346 2394 nitent
1366 2345 1436 2393 al.
1456 2350 1586 2394 vett.
1620 2344 1789 2393 tellure
1803 2349 1931 2393 tersa
1949 2342 2125 2406 nitent,
2137 2345 2257 2407 qnod
2275 2341 2341 2392 iis
2361 2358 2540 2408 margo

1304 2472 1526 2523 No'rAE

393 2569 419 2603 k
455 2571 739 2634 Quanquam
773 2571 1133 2635 Scythicorum]
1188 2570 1393 2621 Solinus

325 2646 432 2696 loc.
460 2647 550 2698 cit.

397 2722 411 2756 ¹
448 2724 662 2780 Quorum
695 2723 832 2787 vero]
885 2722 1090 2772 Solinus
1130 2723 1255 2773 item
1295 2723 1393 2774 loc.

325 2799 426 2850 cit.
453 2807 509 2850 et
531 2801 763 2850 Isidorus
780 2796 930 2862 Orig.
954 2813 1076 2849 xvr.
1098 2804 1150 2850 7.
1184 2799 1394 2849 Marbo·

323 2877 463 2926 deus
501 2878 568 2928 de
605 2879 791 2943 Lapid.
827 2877 975 2927 Pret.
1011 2892 1058 2926 c.
1091 2881 1173 2926 54.
1209 2877 1395 2940 ‘Opti-

325 2970 445 3005 mus
468 2955 552 3005 hic
576 2957 707 3005 situs
743 2961 846 3017 est,
870 2968 1084 3019 quorum
1123 2961 1245 3004 sunt
1280 2968 1394 3003 cor-

326 3037 463 3094 pora
483 3029 671 3091 plana?

372 3115 434 3161 ,Β
469 3107 605 3156 Nero
633 3106 876 3170 princeps]
912 3104 1144 3155 Isidorus
1163 3106 1280 3154 loco
1303 3104 1395 3153 cit.

326 3182 655 3232 Mai-bodens
675 3182 743 3231 de
776 3173 964 3246 La‘pid.
997 3180 1149 3230 Pret.
1177 3193 1292 3241 cap.
1313 3183 1396 3228 54.

325 3258 344 3284 ⁸
365 3257 540 3306 Omne
559 3256 730 3305 virens
747 3264 963 3318 superat
985 3253 1151 3304 forma
1168 3255 1395 3303 viridan-

329 3339 389 3382 te
412 3331 738 3396 smaragdus,
778 3331 937 3395 Cujus
977 3329 1051 3379 bis
1073 3329 1243 3393 quinoe
1283 3343 1398 3393 spe·

326 3407 439 3459 cies
482 3405 723 3470 binaeque
767 3404 1039 3456 feruntur:
1090 3406 1394 3469 Praecipuus

328 3484 597 3548 Scythicis
619 3484 783 3532 honos
806 3489 908 3544 est,
942 3490 996 3531 et
1018 3482 1190 3545 gratia
1211 3482 1392 3545 major.

328 3561 434 3610 His
462 3575 607 3610 nsum
631 3558 858 3623 speculis
882 3564 1107 3608 testatur
1129 3556 1270 3607 fama
1288 3559 1397 3608 Ne-

278 3636 290 3644 ‘
328 3653 539 3699 runem,

330 3717 582 3778 spectare
606 3711 839 3762 libebat.’

312 3794 341 3833 ⁸>
398 3799 425 3824 ¹¹
463 3790 657 3840 Genera
699 3786 884 3850 eorum]
924 3784 1174 3836 Albertus
1219 3784 1298 3833 M.
1333 3787 1400 3835 de

333 3868 583 3918 Mineral.
624 3866 716 3915 lib.
739 3878 804 3914 11.
846 3879 898 3926 p.
921 3866 1037 3915 286.
1069 3863 1087 3890 ⁴
1112 3860 1404 3924 smaragdi,

332 3951 562 4008 propter
591 3939 827 4007 planitiei
863 3946 918 3988 et
951 3937 1153 3988 coloris
1178 3937 1403 3986 varieta-

332 4028 462 4082 tem,
485 4020 666 4069 dicuut
703 4031 819 4066 esse
854 4015 1183 4064 diversitates
1208 4011 1401 4062 duode-

331 4099 474 4150 cim!
539 4099 695 4148 Nunc
719 4108 912 4160 genera
931 4100 1135 4159 tantum
1148 4092 1270 4143 bina
1291 4107 1402 4143 nos·

330 4183 562 4235 cuntur3
595 4172 855 4223 orientale
880 4176 937 4220 et
959 4169 1312 4220 occidentale:
1333 4168 1402 4219 ab

329 4252 504 4306 I'ndiis
523 4250 664 4302 unde
688 4248 1031 4300 advehuntur.

1539 2578 1565 2603 ⁰
1599 2569 1926 2632 Nobilissimi]
1974 2568 2211 2619 Isidorus
2234 2574 2291 2618 et
2313 2567 2540 2632 Solinus,

1475 2647 1603 2698 locis
1645 2649 1736 2699 cit.
1803 2647 2103 2712 Scythidem
2150 2660 2400 2709 gemmam
2449 2659 2540 2709 ap-

1477 2724 1641 2788 pellat
1663 2724 1955 2773 Martianus
1972 2723 2061 2773 lib.
2083 2737 2122 2771 1.
2149 2737 2200 2785 p.
2227 2725 2306 2772 18.
2327 2729 2382 2772 et
2400 2727 2483 2772 20.

1541 2804 1570 2842 ν’
1601 2800 1800 2849 Nullius
1820 2799 1971 2861 mqy'or
2003 2799 2287 2862 austeritas]
2334 2798 2539 2848 Solinus

1477 2877 1578 2926 loc.
1619 2877 1709 2925 cit.
1763 2878 1780 2905 ‘
1815 2875 2116 2926 Laudamur
2158 2872 2396 2938 austeri‚’
2436 2874 2537 2924 hoc

1476 2958 1580 3012 est,
1602 2953 1763 3000 saturi
1784 2952 1988 3002 coloris.
2053 2952 2184 3000 Mss.
2211 2957 2383 2999 tamen
2407 2951 2540 3013 Reg.

1475 3032 1532 3076 et
1556 3026 1707 3075 Colb.
1733 3026 1909 3074 Nullis
1941 3024 2091 3084 major
2123 3025 2411 3073 nicotoritas:
2444 3027 2539 3075 sed

1476 3100 1720 3150 mendose
1741 3116 1757 3148 ε
1793 3115 1910 3150 cum
1932 3099 2087 3148 iidem
2113 3113 2229 3162 cap.
2252 3112 2365 3163 seq.
2399 3100 2538 3149 clare

1478 3167 1787 3239 exhibeant,
1821 3176 1836 3205 ‘
1857 3187 2087 3226 tenorem
2110 3175 2253 3224 illum
2276 3175 2540 3239 Scythicas

1480 3252 1805 3302 austeritatis
1830 3265 1932 3300 uon
1956 3263 2163 3313 semper
2183 3250 2517 3300 custodiunt.'

1540 3338 1565 3372 ⁴1
1599 3327 1883 3378 Proximam
1905 3325 2113 3389 laudem]
2135 3326 2368 3375 Isidorus
2388 3326 2537 3392 Orig-

1477 3420 1600 3455 xvr.
1623 3410 1673 3456 7.
1708 3413 1763 3455 et
1797 3404 2062 3467 Theophr.
2083 3401 2188 3466 περὶ
2207 3402 2367 3461 λίθων,
2408 3420 2461 3467 p.
2485 3410 2539 3455 7.

1475 3482 1582 3532 Ubi
1618 3489 1812 3547 tamen,
1850 3487 1910 3531 ut
1945 3480 2147 3544 optime
2171 3480 2540 3543 Dalecampius

1475 3557 1864 3613 animadvertit,
1887 3556 2075 3621 aliique
2099 3563 2220 3618 post
2240 3571 2379 3618 etim,
2412 3557 2541 3606 nihil

611 3637 741 3686 Cum
798 3634 1143 3698 gladiatorum
1198 3648 1401 3698 pugnas
1469 3636 1558 3687 ille
1576 3636 1643 3685 de
1666 3634 2017 3686 commissuris
2040 3648 2308 3683 saxorumt
2343 3627 2539 3684 sedin·

1475 3712 1586 3761 texi
1609 3712 1772 3761 solum
1796 3709 2093 3770 smaragdos
2117 3708 2365 3758 calicibus
2397 3723 2540 3772 gem-

1478 3786 1653 3847 matis,
1689 3784 1752 3835 eis
1789 3784 1853 3833 τὰ
1882 3782 2173 3833 aiveinons:
2211 3783 2386 3847 colligi
2423 3798 2537 3835 eos·

1478 3862 1600 3911 dem
1641 3863 1692 3911 in
1732 3875 1891 3910 arena
1913 3860 2104 3910 Etesiis
2129 3858 2393 3917 flantibus,
2417 3863 2539 3926 quia

1477 3937 1620 3986 venti
1642 3938 1677 3985 ii
1698 3943 1908 3986 movent
1931 3949 2134 3997 arenas,
2155 3949 2217 3985 ac
2240 3936 2429 3986 tellure
2449 3938 2539 3997 de·

1481 4023 1623 4064 tersa
1645 4012 2014 4063 internitentes
2037 4009 2339 4075 smaragdos
2374 4016 2542 4078 aperi-

1481 4098 1594 4147 unt.
1652 4142 1655 4146 A
1709 4102 1712 4107 '

1545 4176 1566 4202 ¹
1602 4168 1786 4219 Tellure
1830 4172 1972 4222 tersa.
2015 4166 2173 4217 nitent
2206 4165 2536 4232 [inter-nitent]

1476 4244 1687 4296 Solinus
1708 4244 1809 4292 loc.
1824 4243 1918 4293 cit.
1947 4240 2328 4316 ‘Inveniuntur
2350 4245 2539 4304 Etesiis
