3000 4917
862 414 1037 461 ΝἈΤ.
1085 411 1282 460 Ηιετ.
1333 412 1474 461 ms.
1523 409 1779 459 xxxv.
1822 394 1933 458 37.
2318 394 2491 460 4607

293 552 542 633 niana,‘
581 557 797 640 inquit
822 554 1060 631 Varro,
1104 555 1330 619 omnia
1360 554 1706 638 operiebat
1734 549 2174 635 Serapionisss
2220 552 2451 616 tabula
2472 562 2492 601 ³

297 657 432 720 sub
481 653 898 720 Veteribus.¹‘
987 655 1130 719 Hic
1160 674 1399 721 scenas
1441 656 1691 737 optime
1723 653 1968 737 pinxit,
1999 653 2122 716 sed
2167 652 2497 718 hominem

294 759 577 839 pingere
617 777 753 820 non
792 758 1028 840 potuit.
1119 756 1366 821 Contra
1403 752 1816 837 Dionysiusi
1860 755 2025 819 nihil
2073 755 2260 819 aliud
2293 774 2495 837 quam

292 859 600 923 homines
657 859 899 941 pinxit,
949 861 1038 922 ol)
1088 859 1158 922 id
1216 855 1863 941 Anthropographos
1884 864 1916 905 4
1970 857 2518 939 cognominatae.

293 959 529 1025 Parva
558 966 629 1023 et
655 958 1002 1024 Calliclesj
1031 960 1222 1025 fecit:
1268 961 1431 1024 item
1466 959 1777 1024 Calates⁵
1794 955 1821 993 k
1851 960 2131 1023 comicis
2159 955 2498 1023 tabellis:¹

294 1067 582 1145 utraque
610 1057 1075 1145 Antiphilus.¹⁰
1163 1061 1344 1127 Nam
1375 1072 1441 1126 et
1475 1059 1891 1125 Hesionam¹²
1928 1061 2222 1124 nobilem
2253 1061 2497 1144 pinxit,

1217 1205 1367 1226 0000&
1371 1205 1398 1224 O
1402 1205 1453 1223 ‘O
1458 1204 1486 1224 O
1490 1205 1581 1224 On

288 1306 357 1340 on
377 1290 597 1351 ddecet-it
620 1307 686 1341 se.
726 1291 880 1351 Leto,
901 1289 1208 1342 detraxerit?
1237 1292 1425 1340 Dalec.
1460 1290 1612 1350 Mox,
1633 1291 1903 1341 humilitate
1924 1289 2038 1339 cod.
2060 1289 2342 1338 Dulce—3
2368 1289 2498 1338 Vel.

290 1355 480 1406 Dalec.
492 1355 762 1419 operiebant
786 1357 843 1404 S.
867 1356 1158 1405 tabulae-4
1190 1358 1205 1383 ‘
1224 1356 1308 1404 Ita
1323 1355 1442 1404 cod.
1465 1355 1599 1416 Reg.
1620 1361 1669 1405 5.
1693 1364 1749 1406 et
1774 1356 1950 1405 Editio
1976 1355 2251 1419 princeps.’
2279 1354 2497 1403 Brutia.

290 1420 752 1483 Annas-apographus
786 1420 907 1468 edd.
940 1429 1073 1469 vett.
1113 1421 1348 1470 Gronov,
1390 1418 1651 1468 Harduin.
1693 1424 1739 1468 l.
1762 1424 1812 1469 2.
1837 1425 1885 1470 3.
1922 1426 1972 1468 et
2017 1424 2336 1468 recentt.—5
2374 1419 2389 1445 ‘
2411 1417 2498 1466 Ita

291 1484 450 1533 codd.
486 1485 656 1547 Regg.
687 1484 840 1532 Voss.
877 1492 934 1533 et
966 1484 1143 1533 Editio
1178 1485 1439 1547 princeps.
1509 1485 1728 1533 Frustra
1750 1484 2079 1534 emendatum
2103 1497 2169 1532 ex
2194 1483 2498 1544 conjectura

290 1549 536 1612 Meursii,
573 1548 810 1600 Calades!
855 1549 1085 1601 Brotier.
1172 1550 1375 1599 Colades
1405 1546 1665 1600 Harduin.
1701 1554 1748 1600 l.
1789 1554 1837 1598 2.
1874 1554 1923 1598 3.
1962 1550 2156 1599 Miller.
2191 1549 2407 1610 Bipont.
2441 1554 2499 1596 et

1294 1660 1511 1710 NOTAE

289 1741 482 1804 pictor.

359 1815 381 1847 f
406 1817 682 1881 Moeniana]
732 1820 978 1882 Pergulae
1003 1819 1253 1882 projectae
1275 1816 1359 1867 fu·

287 1907 378 1941 ere
403 1894 454 1942 in
482 1895 618 1943 Foro
640 1895 987 1956 Romae‚unde
1005 1896 1258 1957 pictorum
1284 1901 1355 1943 ta·

289 1968 428 2016 buloe
472 1970 685 2019 venales
730 1970 1046 2034 pendebant,
1098 1976 1155 2019 ut
1201 1983 1357 2033 supra

288 2044 532 2093 diximus.
602 2046 806 2095 Nomen
845 2045 1037 2095 habent
1081 2059 1109 2092 a
1145 2044 1356 2101 Maenio‚

288 2133 320 2167 a
337 2134 441 2184 qno
457 2127 511 2170 et
527 2122 763 2170 columna
788 2121 1048 2170 Maeniana
1071 2117 1354 2184 appellata.

286 2195 487 2255 Vulgus
510 2196 563 2243 in
604 2195 778 2245 Gallia
814 2197 1061 2245 salientes
1084 2204 1256 2256 vocat,
1277 2196 1359 2243 des

284 2269 500 2335 Samia,
519 2273 602 2320 des
617 2272 846 2322 Avances.
902 2271 1082 2321 Codex
1098 2270 1296 2331 Theod.
1321 2270 1357 2318 1.

285 2358 383 2396 xv.
412 2347 495 2397 tit.
521 2361 562 2396 1.
592 2347 686 2396 lib.
713 2361 840 2397 ην.
873 2349 889 2376 ‘
907 2346 1168 2403 Tabulata
1194 2346 1355 2395 inter·

287 2423 561 2472 columniis
583 2421 736 2472 affixa
758 2438 772 2472 ι
795 2423 809 2446 ’
843 2422 978 2472 unde
1003 2423 1245 2471 videlicet
1270 2436 1357 2483 po·

284 2497 435 2560 pulus
458 2504 699 2559 spectare
726 2503 948 2561 poterat.
1003 2497 1178 2546 Labeo
1215 2495 1268 2546 J.
1293 2496 1355 2545 C.

279 2573 297 2600 ⁸
318 2572 603 2636 Prnjecta.’
670 2573 904 2621 Nominis
942 2586 1151 2621 causam
1199 2571 1356 2621 docet

286 2648 542 2696 Asconius
566 2648 617 2696 in
638 2648 812 2696 Divin.
835 2647 852 2674 ‘
867 2647 1106 2708 Maenius,
1123 2661 1239 2694 cum
1265 2645 1354 2694 do-

264 2737 422 2772 -rnum
447 2738 596 2772 snam
615 2724 864 2772 venderet
881 2723 1068 2773 Catoni
1084 2731 1137 2772 et
1161 2722 1353 2771 Flacco

287 2798 626 2862 censoribus,
649 2806 706 2847 ut
738 2798 807 2848 ibi
830 2798 1047 2847 basilica
1068 2797 1354 2846 aedificare·

286 2882 385 2929 tur.
404 2883 693 2935 exceperat
702 2875 793 2937 jus
806 2874 904 2924 sibi
918 2874 1066 2922 unius
1082 2874 1352 2934 columnae,

283 2963 440 3011 super
464 2963 618 3012 quam
637 2957 835 3000 tectum
856 2950 1138 3012 projiceret
1154 2963 1218 2998 ex
1235 2964 1352 3012 pro-

1435 1739 1580 1790 bram
1632 1748 1840 1791 secutus
1884 1739 2001 1791 est.'
2087 1740 2169 1789 De
2212 1738 2495 1788 Veteribus

1432 1816 1651 1866 Plautus
1691 1818 1743 1866 in
1783 1816 1993 1868 Curcul.
2036 1830 2111 1865 iv.
2148 1820 2192 1866 1.
2230 1819 2313 1865 19.
2357 1814 2496 1863 ‘Sub
2585 1860 2592 1867 .

1431 1894 1732 1951 Veteribus,
1755 1894 1823 1943 ibi
1848 1901 1969 1944 sunt
2001 1893 2093 1959 qui
2118 1892 2266 1954 dant,
2300 1893 2495 1957 quique

1433 1969 1697 2031 accipiunt
1717 1968 1958 2019 foenore.'

1498 2043 1513 2077 ¹
1546 2045 1726 2094 Contra
1749 2044 2034 2110 Dionysius]
2067 2043 2250 2093 Patria
2272 2042 2315 2090 is
2345 2041 2499 2091 Colo-

1432 2118 1652 2180 phonius
1685 2118 1805 2180 fuit,
1847 2128 1906 2169 ut
1937 2134 2004 2169 ex
2039 2119 2240 2168 AEliauo
2278 2124 2498 2172 constat,

1431 2194 1557 2242 Var.
1586 2194 1725 2243 Hist.
1748 2209 1827 2244 iv.
1849 2200 1897 2244 3.

1489 2268 1508 2311 J
1545 2269 1708 2318 Parva
1727 2276 1774 2320 et
1807 2268 2052 2331 Callicles]
2083 2268 2233 2319 Idem
2256 2265 2494 2317 fortassis

1431 2349 1488 2391 et
1542 2341 1694 2392 fictor
1750 2344 2089 2408 Megarensis‚
2144 2341 2286 2406 cujus
2336 2356 2499 2403 opera

1431 2416 1711 2466 laudantur
1732 2419 1965 2480 inprimis
1988 2433 2016 2467 a
2041 2417 2301 2466 Pausania
2323 2417 2360 2465 l.
2384 2430 2464 2465 vr.

1496 2491 1521 2525 k
1533 2492 1656 2542 Item
1669 2495 1862 2543 Calates
1873 2491 2124 2557 [Calades]
2138 2490 2379 2557 Καλάδης,
2393 2507 2493 2556 quo

1431 2569 1636 2618 nomine
1660 2570 1701 2618 is
1723 2569 1827 2620 fuit
1862 2571 1949 2633 qui
1972 2571 2098 2632 leges
2129 2568 2496 2618 Atheniensibus

1427 2646 1610 2694 dedisse
1637 2647 1823 2705 fertur,
1865 2645 2136 2706 Ἀθηναίοις,
2182 2646 2243 2694 ὥς
2278 2643 2495 2706 λέγεται,

1429 2717 1598 2781 νόμους
1618 2719 1821 2785 γράψας,
1840 2731 1896 2772 et
1918 2724 1985 2770 ab
2007 2722 2067 2770 iis
2092 2720 2287 2770 idcirco
2308 2729 2493 2769 statuas

1428 2798 1674 2846 honorem
1700 2798 2004 2850 obtinuisse.
2072 2797 2176 2849 Qui
2200 2796 2335 2845 huuc
2357 2796 2496 2845 Pau·

1426 2874 1584 2922 ssuiae
1608 2874 1778 2923 locum
1796 2873 2088 2923 accuratius
2110 2871 2404 2934 pensitam,
2423 2871 2500 2920 in·

1429 2948 1630 3010 telliget
1648 2949 1692 2996 is
1718 2946 1977 3011 profecto,
2000 2961 2184 2996 vanam
2217 2947 2354 2995 illins
2376 2960 2497 2995 con·

282 3024 583 3073 volantibus
631 3024 893 3085 tabulatis,
948 3023 1085 3072 unde
1142 3023 1252 3086 ipse
1297 3032 1353 3073 et
1417 3025 1678 3087 jecturam
1702 3038 1833 3081 esse,
1869 3024 1958 3088 qni
1991 3025 2067 3072 sic
2103 3023 2367 3084 emendat,
2407 3022 2496 3071 κό-

283 3100 482 3163 posteri
508 3100 620 3163 ejus
644 3108 881 3163 spectare
903 3113 1085 3149 munus
1100 3100 1349 3161 gladiato-

283 3178 412 3226 rium
438 3183 674 3239 possent,
694 3174 832 3240 quod
854 3177 1010 3225 etiam
1031 3183 1138 3225 tum
1162 3176 1215 3225 in
1237 3174 1351 3227 foro

281 3252 525 3300 dabatur.
579 3251 657 3300 Ex
680 3251 769 3300 illo
792 3252 950 3314 igitur
964 3252 1205 3300 columna
1222 3251 1349 3301 Mae·

282 3329 433 3377 nisna
447 3327 681 3378 vocitata
695 3320 812 3378 est?
859 3329 1077 3378 Festus:
1101 3330 1117 3357 ‘
1132 3330 1350 3377 Maenia·

268 3419 347 3452 na
371 3403 618 3453 aedificia·
635 3419 667 3452 a
696 3405 890 3454 Maenio
928 3413 1049 3454 sunt
1071 3406 1351 3469 appellata.

280 3478 334 3527 Is
356 3480 496 3528 enim
517 3480 712 3541 primus
731 3481 870 3529 ultra
888 3482 1150 3530 columnas
1172 3486 1349 3530 exten-

281 3553 358 3602 dit
381 3555 550 3617 tigna,
583 3569 688 3619 quo
710 3556 1077 3618 ampliarentur
1116 3556 1348 3619 superio·

280 3628 369 3679 ra.’
445 3630 564 3680 Hoc
598 3633 715 3681 loco
752 3633 1010 3683 Maeuiana
1043 3633 1212 3681 Varro
1254 3647 1348 3696 pro

280 3707 492 3773 tabulis,
512 3723 628 3773 quai
660 3708 734 3759 ibi
757 3711 964 3760 venales
985 3711 1346 3775 proponeban-

283 3790 382 3838 tur.
403 3786 615 3847 accipit.

342 3867 368 3902 Ι
396 3859 702 3925 Serapionis]
743 3863 971 3913 Pictoris
993 3862 1346 3926 σκηνογράφον.

342 3934 367 3968 ¹¹
399 3934 503 3985 Sub
534 3937 803 4001 Veteribus]
831 3938 939 3987 Sub
964 3939 1224 3988 veteribus
1244 3939 1345 3988 fori

279 4010 878 4076 tabernis,-pergulisve,
901 4020 959 4063 ut
982 4015 1204 4065 diximus
1227 4029 1273 4064 c.
1293 4018 1343 4064 8.

278 4087 375 4137 His
398 4090 556 4137 etiam
575 4089 828 4138 Veterum
862 4091 1230 4140 Maenianornm
1254 4104 1345 4139 no·

278 4174 393 4210 men
431 4162 556 4221 fuit,
602 4164 679 4214 uti
718 4179 780 4213 ex
820 4166 1070 4215 Cicerone
1106 4165 1347 4231 diximus,

278 4236 441 4289 Acad.
465 4241 673 4292 Quaest.
715 4254 796 4290 ιν.
821 4245 903 4307 70.
962 4242 1265 4304 ‘Veternm,
1291 4247 1348 4290 ut

279 4314 679 4382 Maenisnornm,
693 4317 767 4368 sic
785 4316 1217 4368 Academicorum
1239 4332 1348 4366 um-

1423 3118 1542 3160 μους
1555 3099 1759 3164 γράψας,
1781 3102 1878 3150 hoc
1898 3107 2000 3154 est.
2029 3099 2383 3148 comessantium
2417 3104 2496 3148 tw·

1426 3176 1587 3234 bellas.
1618 3183 1675 3226 ut
1698 3191 1815 3225 eum
1838 3177 2010 3239 ipsum
2034 3174 2225 3237 signari
2248 3188 2279 3221 a
2301 3172 2495 3222 Graeco

1425 3254 1682 3316 scriptore
1702 3251 1938 3314 suadeat,
1954 3251 2102 3314 cujus
2118 3250 2329 3299 comicae
2348 3249 2495 3298 tabu-

1425 3330 1488 3378 lae
1516 3345 1547 3378 a
1568 3329 1740 3378 Plinio
1765 3327 2213 3378 commendantur.
2262 3324 2492 3386 Dignum

1425 3405 1630 3455 scilicet
1654 3410 1830 3454 statua
1851 3406 1997 3466 opus.
2062 3403 2131 3452 Et
2151 3400 2263 3464 quis
2290 3399 2493 3450 tabulas

1423 3480 1647 3530 comicas
1667 3481 1744 3530 sic
1764 3479 2099 3543 interpretari
2117 3477 2280 3527 velit?
2308 3475 2410 3524 Hic
2435 3475 2494 3523 li·

1425 3555 1507 3604 bri
1530 3557 1659 3605 editi
1686 3556 1882 3606 Galam
1902 3555 2126 3604 habent:
2164 3555 2266 3602 Ms.
2286 3553 2494 3600 Calates.

1486 3630 1500 3665 ¹
1529 3631 1734 3680 emices
1777 3632 1987 3695 tabellis]
2063 3631 2195 3682 Quae
2243 3641 2490 3690 personas

1428 3713 1828 3770 repraesentent,
1847 3707 2022 3771 quales
2055 3705 2107 3753 in
2130 3701 2490 3753 comoedorum

1427 3785 1614 3836 fabulis
1632 3786 1962 3835 inducuntur.

1489 3870 1526 3896 ¹¹¹
1560 3861 1863 3924 Antiphilus]
1905 3856 2175 3919 Ἀντίφιλος
2222 3850 2490 3917 too-rma,

1425 3942 1629 3990 Tzetzae
1663 3939 1796 3988 Chii.
1822 3951 1944 3987 vin.
1969 3936 2109 3986 Hist.
2135 3938 2247 3984 197.
2272 3948 2348 3983 vs.
2373 3937 2491 3982 395.

1426 4016 1693 4065 Pictorem
1730 4014 1868 4062 hunc
1910 4012 1977 4061 sb
2013 4009 2199 4060 eximia
2236 4007 2491 4059 facilitate

1426 4089 1607 4141 laudat
1626 4089 1974 4141 Quintilianus
1996 4100 2104 4137 xn-
2126 4091 2202 4135 10.
2224 4100 2277 4149 p.
2299 4089 2413 4134 894.

1489 4175 1515 4200 ¹¹
1550 4167 1681 4215 Nam
1718 4172 1764 4216 et
1808 4165 2092 4228 Hesionam]
2123 4161 2488 4212 Laomedontis

1424 4240 1605 4300 filiam,
1626 4240 1824 4293 Priami
1842 4248 2087 4289 sororem.
2124 4237 2358 4287 Consule
2369 4236 2488 4300 My·

1429 4318 1683 4382 thologos.
1702 4324 1757 4367 et
1780 4316 1965 4381 virgil.
1991 4313 2106 4367 AEn.
2127 4326 2253 4365 vni.
2277 4316 2391 4362 1⁵¹1.
2483 4354 2490 4363 ,
