3000 4917
858 390 1032 440 uxr.
1079 389 1276 439 ms'r.
1324 389 1470 438 mn.
1519 392 1803 444 xxxvr.
1844 378 1954 443 14.
2336 383 2512 450 4709

395 531 596 614 Opus
629 530 699 595 id
728 531 973 598 fecisse
996 532 1306 599 dicuntur
1342 549 1534 598 cxx,
1567 552 1646 598 M.
1678 535 2068 602 hominum.⁶
2155 538 2316 624 Ipse
2360 561 2507 620 rex,

305 654 461 699 cum
507 635 936 699 subiecturus
983 641 1184 713 esset,
1226 644 1692 722 verereturque
1735 658 1821 703 ne
1866 639 2197 705 machinae
2239 639 2510 725 ponderi

301 756 437 824 non
481 736 883 811 sufficerent,
909 757 1044 820 quo
1084 736 1347 821 majus⁷
1392 741 1759 823 periculum
1800 758 1975 805 curse
2020 740 2345 806 artificum
2389 744 2507 809 de-

300 838 660 915 nuntiaret,
692 836 906 902 filium
948 857 1146 902 suum
1190 840 1595 922 adalligavit
1636 842 2000 919 cacumini,
2029 850 2108 907 ut
2136 844 2317 909 salus
2358 846 2508 929 ejus

299 938 485 1023 apud
543 940 894 1004 molientes
951 940 1302 1024 prodesset
1355 950 1425 1007 et
1482 942 1747 1026 lapidi-⁸
1855 942 2014 1009 Hac
2072 944 2505 1012 admiratione

296 1041 527 1124 operis
573 1041 881 1107 effectum
928 1049 1053 1120 est,
1083 1048 1159 1107 ut
1195 1062 1344 1108 cum
1391 1044 1720 1127 oppidum
1757 1044 1828 1109 id
1859 1055 2276 1129 expugnaret
2305 1047 2504 1114 Gam-

296 1144 510 1225 byses
539 1162 686 1221 rex,
717 1154 1121 1226 ventumque
1144 1151 1321 1209 esset
1347 1145 1662 1210 incendio
1691 1145 1778 1211 ad
1801 1148 2175 1231 crepidines
2200 1150 2503 1228 obelisci,

295 1245 603 1326 extingui
645 1245 865 1327 ignem
896 1245 1171 1328 juberet
1210 1247 1406 1311 molis
1446 1248 1844 1326 reverentia,
1873 1249 1993 1331 qui
2022 1251 2206 1314 urbis
2249 1251 2504 1317 nullam

292 1346 649 1411 habuerat.

386 1448 559 1513 Sunt
600 1454 668 1514 et
712 1448 830 1514 alii
875 1449 1036 1527 duo,
1067 1468 1239 1513 unus
1279 1469 1321 1513 a
1352 1448 1627 1515 Zmarre
1644 1448 1708 1501 ⁹j
1744 1453 2036 1534 positus,
2065 1455 2228 1519 alter
2272 1471 2315 1517 a
2360 1451 2501 1517 Ra·

290 1549 541 1632 phio,¹0
563 1547 590 1588 ¹‘
647 1552 794 1616 sine
854 1547 1080 1629 notis,¹
1149 1549 1645 1634 quadragenum
1716 1558 2034 1617 octonum
2102 1554 2499 1618 cubitorum.

298 1650 733 1718 Alexandriae
784 1654 1021 1717 statuit
1066 1672 1271 1716 unum
1310 1653 1653 1734 octoginta
1691 1655 2059 1719 cubitorum
2092 1654 2500 1720 Ptolemaeus

297 1749 808 1840 Philadelphus.
898 1753 1260 1818 Exciderat
1291 1772 1442 1818 eum
1469 1762 1516 1793 ¹¹
1551 1754 1920 1821 Necthebis
1940 1763 2050 1794 ¹²⁰¹
2080 1776 2194 1820 rex
2224 1775 2496 1840 purum:

1206 1937 1571 1958 ‘eoem

296 2066 401 2115 que
435 2051 778 2114 recentiores,
813 2054 1079 2103 undeceni-s.
1150 2053 1551 2103 Emendandum
1576 2060 1712 2114 erat,
1733 2052 2083 2107 undecentenis.
2117 2058 2174 2128 „t
2198 2057 2342 2102 recte
2364 2050 2499 2101 vidit

295 2116 375 2166 Cl.
401 2116 746 2167 Rezzonicus.
812 2117 912 2166 Ille
933 2118 1206 2179 obeliscus,
1226 2130 1377 2181 quern
1401 2124 1653 2167 memorat
1677 2116 1977 2166 Ammianus
2002 2117 2340 2166 Marcellinus
2356 2128 2496 2165 xvn.

294 2183 343 2228 3.
365 2195 502 2230 nunc
524 2189 633 2230 stat
654 2182 830 2230 Romae
854 2190 977 2231 ante
1002 2182 1403 2231 Lateranensem
1444 2179 1758 2232 Basilicam!
1794 2183 2011 2231 Brotier.
2079 2181 2330 2229 andecent's
2359 2180 2493 2242 pedi·

291 2244 379 2293 bas
399 2244 523 2294 edd.
541 2245 775 2295 Gronov.
795 2244 1054 2296 Hardnin.
1069 2254 1125 2295 et
1149 2251 1471 2298 receutt.-6
1501 2246 1742 2296 Obeliscus
1760 2251 1834 2295 est
1854 2245 2040 2300 Thebis,
2057 2259 2192 2307 quem
2207 2244 2309 2304 sec.
2328 2245 2494 2293 dicun·

291 2314 376 2357 tin·
400 2310 580 2359 CXX.
600 2311 680 2360 M.
701 2310 939 2360 humanm
959 2310 1076 2360 cod.
1098 2311 1284 2361 Dalec.
1341 2312 1474 2375 Opus
1494 2310 1547 2359 ia
1565 2310 1744 2370 fecisse
1763 2312 1986 2360 dicuntur
2010 2309 2137 2358 XX.
2160 2309 2239 2357 M.
2258 2307 2493 2373 homimum

292 2372 526 2426 Gronov.
560 2382 617 2424 et
654 2375 923 2437 vnlgg.—7
959 2376 1091 2425 Cod.
1111 2376 1302 2427 Dalec.
1345 2391 1433 2439 quo
1466 2374 1818 2449 maturina—‘8
1852 2375 1939 2423 Ita
1963 2388 2029 2450 erg
2052 2372 2204 2423 codd.
2228 2372 2487 2422 Harduin.

287 2446 345 2551 ξ’
353 2452 489 2552 fia:
493 2440 1420 2566 ⁰312.¹⁹1'.2‘2‘.⁸xt.‚¹155331².3'?3¹‘1’215232
1453 2437 2492 2567 3¹:255.„ffl‘gfffiuzffifiafffflssssaz

286 2574 369 2615 est
387 2567 667 2624 Psammis‚
690 2577 841 2631 pater
862 2568 1000 2633 regis
1017 2568 1231 2633 Apries,
1252 2569 1319 2619 de
1334 2584 1437 2633 quo
1456 2583 1572 2618 mox
1596 2567 1783 2617 dicam.
1840 2567 1973 2617 Vide
1991 2574 2044 2615 et
2074 2565 2400 2616 Herodotum
2425 2579 2487 2615 ιι.

290 2629 426 2685 1613
457 2632 675 2682 Brotier.
731 2648 763 2682 a
786 2633 982 2683 Smarre
1005 2634 1125 2683 edd.
1147 2634 1377 2684 Gronov.
1400 2632 1662 2683 Harduin.
1686 2637 1732 2680 1.
1748 2637 1798 2681 2.
1821 2635 1871 2681 3.
1896 2640 1952 2681 et
1975 2635 2329 2681 recentt.-10
2347 2629 2489 2679 Alter·

283 2710 314 2743 α
336 2695 557 2759 Raphia]
590 2697 736 2746 Beue
773 2697 1081 2747 Pintianus:
1117 2712 1230 2752 nec.
1251 2699 1407 2748 aliter
1443 2698 1575 2746 Mas.
1611 2697 1689 2745 Re
1730 2731 1744 2746 .
1769 2700 1818 2746 2.
1854 2700 1903 2745 3.
1943 2694 2266 2745 Ambrosian.
2300 2698 2349 2742 2.
2386 2694 2490 2742 Ra·

284 2759 440 2821 phiss
464 2761 550 2809 ille
575 2761 695 2810 mihi
720 2761 924 2811 videtur
946 2777 1064 2812 esse
1087 2762 1295 2815 Pharao
1321 2762 1547 2825 Ephree‚
1587 2761 1668 2809 vel
1761 2760 1941 2823 ophra,
1979 2760 2045 2810 de
2076 2774 2178 2824 quo
2212 2759 2491 2819 Jeremias,

284 2834 441 2876 xum
462 2829 544 2874 30.
606 2824 693 2875 Ab
717 2826 1005 2889 Herodoto,
1042 2828 1142 2877 loc.
1170 2827 1262 2877 cit.
1287 2827 1481 2876 dicitur
1504 2824 1727 2889 Apries.’
1760 2824 1977 2875 Brotier.
2030 2825 2151 2874 ulter
2168 2823 2228 2873 ab
2253 2823 2488 2886 Eraphito

286 2887 522 2939 Gronov.
545 2896 602 2938 et
627 2891 802 2954 vulgg.
834 2893 957 2940 alter·
978 2891 1037 2940 ab
1059 2893 1267 2968 Eraphio
1289 2891 1544 2941 Hardnin.
1575 2894 1621 2939 1.
1644 2892 1694 2939 2.
1717 2892 1764 2936 3.
1786 2895 1842 2938 et
1863 2896 2090 2938 recentt.
2111 2902 2177 2937 ex
2198 2886 2481 2937 codd.——ll

283 2959 299 3010 ξ
322 2952 411 3001 Ita
433 2954 587 3003 codd.
612 2955 775 3020 Regg.
796 2959 848 3005 2.
869 2960 920 3006 3.
942 2965 998 3005 et
1021 2955 1203 3006 Editno
1235 2954 1513 3021 princeps.’
1545 2953 1764 3004 Brotier.
1819 2952 2182 3014 Philadelphus,
2204 2967 2339 3014 quem
2358 2953 2487 2999 exci-

281 3017 422 3068 derat
467 3018 701 3070 Gronov.
739 3020 806 3070 al.
845 3027 978 3072 vett.
1002 3020 1257 3072 Harduiu.
1298 3026 1344 3069 l.
1366 3024 1416 3071 2.
1438 3024 1490 3070 3.
1515 3027 1571 3069 et
1595 3021 1946 3068 πωπω-12
1977 3019 1993 3045 ‘
2012 3017 2099 3066 lta
2121 3016 2276 3067 codd.
2318 3016 2483 3077 Regg.

1279 3163 1493 3215 NOTAE

279 3257 488 3308 Mnevis
513 3259 605 3309 bos
628 3261 911 3318 colebatur,
930 3260 1067 3326 apud
1083 3260 1342 3326 Memphi-

280 3341 362 3382 tas
381 3333 534 3396 Apis.
580 3336 754 3387 Testis
779 3346 861 3387 est
879 3336 1070 3387 Strabo
1093 3337 1184 3386 lib.
1204 3349 1343 3386 xvu.

280 3423 335 3472 p.
359 3413 477 3459 803.

342 3484 357 3517 ¹¹
401 3485 581 3535 Posuit
621 3486 794 3551 alim]
844 3486 950 3537 Hic
989 3487 1079 3536 ille
1121 3486 1337 3550 insignis

275 3559 562 3622 obeliscus,
605 3575 757 3625 quem
790 3562 970 3611 Sixtus
994 3573 1047 3609 v.
1080 3570 1286 3611 erntnm
1307 3575 1337 3611 e

277 3636 438 3687 Circo
497 3638 750 3699 Maximo,
800 3638 890 3687 uhi
947 3652 978 3688 a
1027 3637 1339 3687 Constantio

274 3712 611 3762 Constantini
635 3713 713 3762 Μ.
736 3712 794 3764 F.
825 3712 1002 3763 fuerat
1036 3713 1160 3762 olim
1191 3726 1337 3762 erec·

279 3794 380 3842 tus,
418 3794 556 3836 teste
589 3787 863 3837 Ammiano
905 3788 992 3839 lib.
1028 3800 1168 3838 xvir.
1213 3795 1335 3837 ante

275 3862 557 3913 Basilicam
581 3865 991 3918 Later-anensem
1021 3864 1223 3929 ingenti
1246 3879 1337 3914 au·

274 3951 333 3986 sn
356 3942 551 4001 erexit,
574 3954 708 3988 anno
728 3952 1094 3990 smnxxxvur.

269 4041 274 4050 ·
334 4013 354 4056 J
394 4016 537 4064 Unus
574 4032 607 4065 a
645 4016 867 4081 Zmarre]
914 4015 1151 4065 Eundem
1201 4016 1336 4066 hunc

271 4103 389 4138 esse
438 4092 818 4154 existimamus,
871 4093 962 4155 qni
1007 4091 1231 4141 Eusebio
1279 4092 1334 4141 in

1421 3258 1532 3309 fere
1555 3264 1867 3308 cooetsnens.

1482 3333 1563 3384 *A
1578 3333 1764 3396 Raphia
1780 3331 1862 3395 [ab
1873 3330 2107 3394 Eraphio]
2128 3331 2228 3382 Qui
2241 3330 2480 3393 Uaphres

1422 3410 1488 3460 ab
1504 3407 1726 3458 Eusebio
1743 3408 1795 3456 in
1812 3407 2070 3458 Chronico
2083 3407 2399 3471 appellatur,
2420 3414 2479 3459 nt

1419 3483 1649 3534 nonnulli
1669 3488 1880 3546 putant,
1891 3484 2034 3532 circa
2049 3489 2287 3546 tempora
2301 3483 2476 3531 Servii

1418 3560 1572 3611 Tullii
1606 3558 1744 3623 regis
1769 3558 2136 3615 Romanorum,
2167 3566 2224 3608 et
2246 3559 2479 3608 Danielis

1418 3637 1723 3701 Propheta.

1482 3714 1498 3748 ¹
1531 3713 1650 3762 Sine
1689 3711 1842 3776 notis]
1888 3711 2099 3768 Forsan,
2143 3710 2280 3775 qnod
2324 3715 2474 3758 erant

1418 3789 1745 3850 alienigenae,
1789 3787 2055 3849 AEthiopes
2099 3785 2351 3840 nimirum,
2389 3784 2472 3832 ΛΕ-

1417 3864 1714 3928 gyptiornm
1731 3860 2146 3925 hieroglyphicas
2165 3867 2315 3910 notas
2338 3861 2471 3910 hand

1415 3940 1542 3989 satis
1564 3938 1755 3989 edocti.

1479 4022 1517 4050 Ν
1553 4012 1810 4062 Necthebis
1828 4009 2104 4074 [Nectabis]
2127 4010 2229 4061 Qui
2250 4012 2472 4061 Eusebio

1415 4090 1468 4139 in
1515 4090 1707 4138 Chron.
1754 4085 2091 4142 Nectansbn,
2146 4087 2294 4151 cujus
2344 4095 2470 4136 mas

273 4164 467 4213 chron.
507 4166 802 4215 Ammerres
843 4166 1075 4230 AEthiops
1106 4168 1332 4230 appella·
1411 4164 1700 4216 Alexandri
1724 4165 1800 4213 M.
1824 4171 2060 4226 tempora
2093 4163 2176 4212 vix
2207 4175 2297 4212 ιι..
2319 4164 2469 4214 annis

273 4245 376 4305 tur,
400 4241 539 4294 Tulli
567 4241 787 4295 Hostilii
811 4243 1158 4296 Romanorum·
1177 4243 1331 4307 Regis
1410 4241 1712 4294 antecessit.
