3000 4917
492 379 666 446 4676
1209 391 1272 442 c.
1319 375 1564 441 Pmmi
1613 389 1946 441 suenum

492 556 819 624 proavum
848 555 1065 620 usque
1093 541 1264 602 retro
1288 542 1463 619 agat,
1491 536 1788 600 inveniet
1817 536 1981 600 artis
2004 534 2150 620 ejus
2176 537 2498 619 originem
2532 555 2686 603 cum

496 638 972 725 olympiadum
1005 641 1255 721 origine
1284 639 1602 722 coepisse.
1693 639 2115 722 Hipponacti
2139 641 2460 705 notabilis
2485 641 2688 704 foedi-

415 751 421 758 '
491 753 599 810 tas
630 743 854 808 vultus
878 747 1055 805 erat:
1100 740 1570 823 quamobrem‘
1610 741 1962 822 imaginem
1993 741 2137 825 ejus
2180 740 2470 806 lascivia
2489 741 2689 826 joco-

492 867 635 911 rum
668 846 716 909 ii
761 841 1228 928 proposuere⁶
1270 842 1627 907 ridentium
1672 842 1960 908 circulis.
2051 841 2256 920 Quod
2305 843 2691 927 Hipponax

491 949 894 1030 indignatae,
926 944 1423 1010 amaritudinem
1455 945 1821 1008 carminum
1840 952 1869 980 ¹¹
1899 943 2250 1009 destrinxit
2277 945 2343 1007 in
2374 950 2691 1021 tantum,⁷

490 1057 566 1114 ut
613 1048 922 1113 credatur
972 1048 1307 1130 aliquibus
1356 1046 1442 1111 ad
1485 1046 1793 1129 laqueum
1842 1064 1965 1110 eos
2014 1047 2460 1129 compulisse:
2506 1046 2690 1130 qnod

490 1151 734 1216 falsum
767 1155 891 1214 est.
984 1149 1345 1232 Complura
1391 1149 1565 1212 enim
1612 1148 1680 1211 in
1729 1148 2024 1214 finitimis
2053 1147 2287 1212 insulis
2318 1143 2691 1211 simulacra

489 1250 777 1337 postea⁸
820 1250 1058 1325 fecere,
1106 1251 1282 1313 sicut
1310 1251 1375 1313 in
1409 1248 1613 1326 Delo,
1645 1250 1890 1332 quibus
1934 1249 2368 1332 subjecerunt
2397 1267 2690 1326 carmen,

491 1362 511 1390 ‘
537 1353 695 1418 Non
726 1353 976 1417 vitibus
1004 1357 1253 1417 tantum
1278 1359 1307 1386 ’
1350 1352 1606 1417 censeri
1638 1351 1898 1428 Chium,
1932 1353 2051 1418 sed
2105 1357 2174 1417 et
2209 1352 2531 1434 operibus
2571 1351 2692 1416 Ar·

491 1454 737 1519 chermi
786 1453 1117 1518 filiorum.'
1206 1451 1588 1518 ostendunt
1638 1460 1709 1519 et
1764 1453 1995 1518 Iasiiw
2042 1453 2331 1518 Dianam
2381 1454 2693 1519 manibus

495 1577 721 1622 eorum
751 1556 1020 1621 factam.
1108 1554 1195 1618 Et
1223 1555 1289 1617 in
1322 1554 1478 1636 ipsa
1510 1554 1682 1619 Chio
1713 1562 1979 1620 narrata
2019 1562 2123 1619 est
2172 1555 2400 1637 operis
2455 1574 2699 1620 eorum

435 1729 442 1734 ‚
491 1658 737 1724 Dianae
796 1656 1011 1723 facies
1067 1657 1134 1719 in
1195 1657 1466 1720 sublimi
1521 1658 1768 1740 posita,
1825 1658 2021 1743 cujus
2069 1658 2326 1723 vultum
2377 1659 2694 1722 intrantes

492 1760 765 1836 tristem,
798 1765 1127 1823 exeuntes
1156 1757 1508 1821 hilaratum
1530 1766 1560 1808 ⁹
1603 1765 1867 1840 putant.
1954 1758 2199 1824 Romae
2224 1760 2419 1841 signa
2463 1778 2694 1824 eorum

421 1849 428 1856 ’
493 1868 651 1925 sunt
678 1862 747 1925 in
779 1861 1135 1926 Palatina¹
1175 1858 1342 1936 aede,
1373 1857 1721 1943 Apollinis
1750 1862 1816 1924 in
1844 1861 2134 1944 fastigio,
2180 1868 2253 1926 et
2281 1865 2350 1926 in
2379 1863 2696 1927 omnibus

492 1961 631 2027 fere
655 1979 808 2045 quae
839 1961 1064 2026 Divus
1096 1958 1449 2043 Augustus
1477 1962 1664 2026 fecit.
1755 1962 1982 2027 Patris
2027 1983 2300 2049 quoque
2346 1984 2583 2028 eorum
2630 1969 2697 2027 et

495 2061 655 2131 Deli
683 2065 867 2129 fuere
890 2083 1122 2146 opera,
1152 2065 1315 2127 etin
1348 2064 1576 2130 Lesbo
1605 2064 1852 2129 insula.
1927 2065 2204 2149 Dipoeni
2228 2068 2503 2150 quidem
2528 2064 2697 2131 Am·

494 2167 748 2243 bracia,
801 2163 1075 2248 Argosy
1118 2164 1392 2229 Cleonae
1453 2166 1772 2247 operibus
1831 2165 2088 2231 refertae
2142 2166 2352 2232 fuere.
2441 2165 2696 2231 Omnes

496 2276 719 2333 autem
776 2273 1032 2331 tantum
1081 2266 1370 2331 candido
1418 2286 1746 2331 marmore
1792 2268 1900 2332 usi
1945 2276 2106 2334 sunt
2151 2288 2189 2333 e
2229 2268 2410 2333 Paro
2455 2269 2699 2345 insula,

496 2389 691 2455 quem
750 2367 1038 2453 lapidem
1092 2387 1363 2452 coepere
1411 2367 1798 2453 lychniten²
1843 2371 2211 2455 appellare,
2241 2370 2564 2455 quoniam
2615 2369 2701 2433 ad

493 2473 799 2537 lucernas
829 2471 895 2534 in
924 2472 1260 2536 cuniculis
1282 2472 1679 2550 caederetur,
1712 2478 1786 2538 ut
1813 2480 2040 2537 auctor
2061 2481 2163 2538 est
2191 2472 2436 2551 Varro,
2466 2473 2700 2537 multis

495 2578 733 2658 postea
763 2572 1269 2637 candidioribus
1300 2573 1601 2657 repertis,
1631 2592 1850 2657 nuper
1892 2576 2094 2640 etiam
2138 2576 2205 2639 in
2236 2575 2657 2642 Lunensium
2677 2582 2702 2614 ⁸

1413 2738 1779 2761 “9000‘qu

497 2851 789 2901 Anthermus
821 2851 1055 2902 Gronov.
1077 2852 1141 2902 al.
1166 2857 1298 2901 vett.
1322 2851 1580 2901 Harduin.
1600 2859 1650 2903 2.
1685 2858 1734 2904 9.
1758 2853 1956 2904 Miller.
1985 2861 2041 2904 et
2079 2856 2262 2906 Franz.
2324 2856 2391 2905 Β.
2423 2854 2701 2905 &Athenis

498 2916 755 2966 Harduin.
781 2921 828 2966 1.
852 2924 907 2965 et
924 2915 1138 2980 Bipont.
1142 2920 1238 2965 -6
1262 2917 1827 2980 Cod.Da1ec.jooorum
1848 2921 1899 2969 in
1918 2920 2332 2997 prompenfecere.
2367 2920 2518 2976 Mox,
2535 2922 2700 2980 oculis,

497 2994 594 3043 pro
617 2981 1010 3036 circuli⁸‚1·ladr
1027 2980 1710 3033 Jnn.Animadv.1.1o.—⁷
1745 2984 1874 3034 Cod.
1891 2986 2076 3033 Dalec.
2100 2984 2417 3034 amaritudine
2437 2985 2701 3034 carminum

496 3045 754 3095 distrinxit
774 3060 851 3094 eos
868 3047 919 3094 in
941 3051 1145 3096 tantum.
1179 3046 1327 3101 Mox,
1347 3046 1535 3110 aliquos
1551 3062 1615 3097 ex
1635 3047 1701 3097 iis
1719 3050 1785 3097 ad
1804 3051 2019 3111 laqueum
2040 3048 2163 3098 Vct.
2188 3049 2373 3099 Dalec.
2419 3049 2703 3112 aliquanto-

497 3112 884 3173 rumadlaqueos
914 3110 1032 3160 cod.
1058 3110 1242 3161 Dalec.
1243 3113 1342 3159 —8
1375 3111 1504 3162 Cod.
1539 3112 1723 3162 Dalec.
1757 3115 2009 3163 simulacra
2046 3114 2261 3163 Deorum
2281 3117 2450 3177 poete«
2391 3117 2571 3162 eae-9
2618 3113 2705 3161 Ita

497 3175 648 3225 codd.
672 3175 1006 3225 Harduiniet
1031 3176 1219 3226 Dalec.
1236 3190 1352 3226 cnm
1376 3177 1497 3226 edd.
1518 3176 1771 3227 Harduin.
1792 3183 1838 3228 1.
1861 3182 1911 3227 2.
1936 3182 1986 3227 3.
2015 3187 2070 3229 et
2090 3185 2316 3229 recentt.
2379 3179 2704 3230 exhilarata·-

1487 3322 1712 3374 NOTAE

562 3416 580 3447 ²
617 3414 952 3477 Quamobrem]
990 3416 1175 3468 Refert
1216 3418 1315 3469 hoc
1355 3433 1563 3484 quoque
1640 3420 1843 3470 decima
1865 3420 2022 3470 Urbis
2043 3420 2276 3484 regione.

497 3491 681 3540 suidas
703 3493 818 3541 loro
841 3493 936 3542 cit.
1705 3502 1727 3538 1
1760 3494 1946 3558 Argoo]
1980 3494 2063 3545 Ibi
2086 3509 2211 3545 sane
2245 3493 2481 3544 Castoris
2504 3500 2565 3545 et
2586 3495 2708 3543 Pol·

565 3575 589 3600 ¹¹
620 3566 1002 3618 Amaritudinem
1019 3568 1302 3633 carminum]
1337 3570 1466 3622 Quae
1486 3571 1563 3620 im
1641 3570 1773 3622 lucia
1792 3578 1969 3623 statua
2005 3586 2034 3621 a
2075 3572 2303 3637 Dipoeno
2333 3568 2482 3619 facta
2504 3571 2707 3621 viseba-

499 3656 595 3705 pro
619 3643 722 3691 telo
746 3642 864 3693 fuit.
913 3645 1051 3695 Vide
1072 3646 1242 3696 Nota·
1264 3654 1319 3695 et
1344 3646 1561 3696 Emend.
1642 3654 1749 3735 tur3
1767 3655 1825 3698 nt
1849 3662 1912 3698 ex
1932 3648 2205 3698 Clemente
2225 3646 2378 3698 Alex.
2399 3646 2561 3711 paulo
2584 3655 2712 3697 ante

499 3720 736 3841 ῃιιωΝιοιι
772 3793 956 3844 vitibus
1001 3794 1210 3881 tautum]
1243 3795 1563 3846 Βααᾱαῐὶυί.
1644 3721 2047 3863 ὼῖιῗῖἷλιὶίοκ]
2078 3794 2340 3860 Λυχνίτην,
2361 3797 2511 3861 quasi
2540 3797 2709 3848 lucer·

499 3880 584 3915 ma
621 3868 757 3916 enirn
797 3882 862 3916 ex
903 3869 1032 3919 Chio
1068 3870 1204 3927 vina,
1243 3879 1300 3918 ut
1339 3869 1562 3921 diximus
1643 3875 1863 3924 narium·
1946 3874 2156 3924 Idcirco
2223 3880 2282 3923 et
2334 3871 2473 3924 λίθον
2524 3872 2710 3936 λυχνέα

500 3954 617 3991 xiv.
638 3945 688 3989 9.
1643 3950 1876 4012 appellat
1929 3948 2229 3998 Callixenus
2280 3948 2519 3998 Rhodius
2570 3949 2707 4030 apud

565 4023 599 4049 w
637 4017 907 4067 Ostendant
942 4024 992 4068 et
1025 4019 1171 4082 Iasii]
1203 4020 1340 4072 Urbs
1362 4028 1442 4114 ent
1464 4023 1561 4073 Ca·
1643 4024 1836 4076 Athen.
1861 4024 1948 4076 lib.
1970 4038 2026 4073 v.
2054 4039 2106 4087 ρ.
2125 4028 2241 4076 205

501 4091 594 4140 riae
624 4092 783 4154 Inus,
808 4093 874 4142 de
899 4110 1074 4158 (μην.
1098 4101 1182 4147 29.
1707 4106 1731 4134 ⁸
1763 4100 1826 4149 In
1867 4099 2178 4163 Lunensium]
2221 4098 2286 4147 In
2330 4098 2506 4149 Italia·
2574 4100 2705 4150 θην

566 4168 685 4216 ¹122
709 4169 955 4233 Palatina]
989 4172 1054 4221 Iu
1086 4172 1200 4222 aede
1222 4187 1375 4238 quam
1400 4173 1563 4239 Apol·
1644 4175 1745 4225 teri
1789 4176 2088 4239 Inscriptio,
2134 4187 2256 4238 pag.
2301 4178 2418 4226 692.
2463 4186 2705 4226 ‘ruru-

498 4242 591 4292 lini
635 4243 899 4298 dedicavit
934 4245 1205 4313 Augustus
1243 4250 1300 4300 in
1337 4250 1565 4309 Palatio,
1642 4264 1791 4304 mvn.
1825 4263 2177 4306 mount.
2213 4262 2564 4302 wunnerus.
2664 4291 2669 4298 .
